3100 4800
134 398 135 407 Ν
252 410 388 530 m
453 405 520 530 ¹r
568 455 594 532 t
644 456 689 534 a
737 425 1166 558 rostrorum-ru
1217 453 1228 506 ι
1309 440 1311 446 ’

305 640 418 736 paene
443 663 546 710 nemo
569 635 646 716 fuit.
695 634 865 710 Rarillime
886 635 978 710 enirn
1000 665 1039 711 ea
1061 637 1126 710 suis
1146 641 1180 710 in
1204 635 1343 735 scriptis

308 740 497 812 citantviri
508 730 619 826 dotti,
644 753 682 810 vt
696 739 831 838 prorsus
849 742 1007 832 ignorare
1023 741 1209 812 videantur.
1234 742 1345 824 ‚Prae-

184 845 187 853 “
308 854 364 914 t‘er
387 840 588 912 Aeschinem
611 855 647 913 et
667 838 817 938 Lysiam,
855 867 942 938 quos
966 841 1035 914 hoc
1056 843 1099 913 de
1124 867 1226 940 grege
1248 838 1343 911 solos

308 941 406 1012 Wolf
424 957 460 1012 et
481 943 692 1040 Stephanus,
714 958 750 1014 et
773 937 951 1014 nodissime
973 943 1105 1037 Taylor
1126 969 1207 1016 curn
1224 939 1344 1013 Mark-

308 1043 411 1142 lando
428 1042 548 1136 dignos
564 1048 655 1116 curis
671 1044 735 1115 suis
745 1045 949 1130 habuerunt,
965 1045 1087 1142 reliqui
1102 1069 1222 1128 omnes
1234 1043 1275 1116 ab
1284 1041 1348 1112 Al-

309 1143 355 1224 do
368 1144 449 1216 inde
462 1147 640 1232 immundi,
665 1149 826 1231 incomti,
843 1149 878 1216 in
891 1145 1021 1232 illuuie,
1041 1142 1198 1240 negletlu
1210 1160 1245 1216 et
1258 1169 1348 1215 con-

308 1248 424 1318 tenitu
438 1245 522 1319 adeo
545 1252 732 1320 iacuerunt
780 1246 879 1318 Vnde
900 1249 1001 1319 huius
1026 1246 1128 1320 seculi
1152 1247 1194 1318 de
1218 1245 1346 1316 volun·

308 1361 381 1419 tate
395 1373 530 1439 graecas
547 1376 624 1443 erga
639 1351 750 1422 literas
764 1349 902 1420 iudices.
952 1343 1091 1420 Pollunt
1105 1362 1220 1424 tamen
1235 1347 1346 1418 huius

307 1441 460 1546 peruerli
475 1450 586 1524 iudicii
594 1451 709 1524 causae
717 1450 881 1548 quaedam
895 1451 988 1522 reddi
997 1449 1251 1547 quodammodo
1261 1473 1349 1548 pro-

309 1547 450 1624 babiles.
497 1555 623 1640 Prima,
648 1553 742 1651 quod
755 1555 881 1623 horum
899 1565 1073 1623 oratorum
1098 1553 1259 1651 perpauci
1283 1575 1349 1622 co·

311 1649 403 1724 dices
428 1656 464 1724 in
490 1653 707 1746 bibliothecis
730 1651 850 1725 nostris
873 1657 1100 1750 reperiuntur.
1150 1655 1222 1725 Itali
1245 1653 1347 1724 enim

225 1762 228 1769 ’
297 1751 404 1826 «bona
427 1753 499 1842 sua,
538 1757 661 1854 quibus
685 1755 872 1839 abundant,
906 1781 1027 1853 parum
1054 1755 1266 1849 intelligunt,
1301 1766 1347 1824 et

313 1859 412 1952 parui
431 1854 725 1942 faciunt,‘summi
746 1848 917 1942 facienda,
942 1871 978 1928 et
1002 1861 1108 1930 exteri
1128 1857 1255 1930 Italiam
1275 1853 1348 1926 fre-
1419 1863 1420 1874 ’

312 1973 519 2055 queritantes
544 1960 606 2032 alia
626 1959 741 2076 omnia
762 1958 924 2054 'cupidius
958 1954 1125 2056 spetlant,
1168 1959 1346 2030 ardentius

312 2055 567 2150 consestantur,
592 2087 696 2158 quarn
706 2076 745 2130 vt
757 2057 912 2134 nudiores
928 2075 1059 2132 veteres
1069 2085 1216 2154 *graecos
1229 2086 1268 2130 ex
1283 2083 1347 2129 an·

254 2199 258 2205 »
279 2253 293 2266 „
312 2158 501 2257 tiquillimis
522 2177 558 2234 et
576 2159 735 2234 fidissimis
760 2161 983 2247 membranis,
1010 2187 1093 2260 quas
1112 2165 1236 2247 Roma,
1264 2159 1346 2230 Flo-

313 2266 442 2348 rentia,
468 2264 723 2351 Mediolanum,
747 2266 930 2350 Venetiae,
962 2266 1345 2360 TaurinumNeapo·

314 2363 374 2449 lis,
400 2366 525 2451 Sicilia,
549 2392 674 2459 magno
697 2380 822 2439 tenent
845 2391 1008 2455 numero,
1032 2365 1212 2438 emendare
1235 2379 1270 2435 et
1292 2389 1349 2435 re·

311 2465 433 2543 sarcire
448 2472 609 2561 cogitent.
646 2469 809 2561 Indignor
824 2467 920 2566 saepe
937 2494 1092 2553 mecum,
1109 2482 1144 2537 et
1157 2464 1349 2561 ingemisco·

315 2582 430 2642 tantae
446 2572 819 2654 hominumcoecitati,
844 2570 943 2641 bonis
967 2573 1002 2641 in
1028 2568 1140 2641 medio
1163 2566 1277 2667 positis
1292 2568 1347 2638 vti

315 2686 376 2743 aut
390 2670 629 2752 nescientium,
656 2688 714 2743 aut
729 2673 778 2743 nil
793 2667 992 2747 curantium.
1046 2677 1173 2742 Verum
1191 2669 1281 2741 haud
1295 2672 1352 2739 ius-
1419 2666 1420 2675 ’

285 2787 377 2849 ιιιειτ
400 2772 535 2845 sontem
565 2774 667 2851 hirius
685 2789 764 2844 tum
794 2772 971 2871 pudendae
1002 2771 1172 2845 socordiae
1204 2774 1348 2871 aperire,

263 2887 282 2918 ·'
315 2856 427 2976 quiin
441 2874 564 2972 puerili
579 2876 698 2946 haeret
713 2871 924 2965 institutione
948 2900 1053 2971 penes
1075 2871 1247 2967 magistros
1273 2899 1348 2960 ene,

293 3055 299 3063 ,
316 3003 468 3078 quorum
482 2974 634 3063 interest,
654 2980 872 3048 iuuentutem
887 2975 1001 3047 sedulo
1019 3000 1161 3051 auocare
1180 2991 1282 3074 atque
1296 3000 1348 3045 ar·

200 3141 202 3146 .
248 3151 253 3159 ,
316 3106 397 3152 cere
411 3077 452 3149 ab
470 3077 528 3149 vsu
550 3076 719 3150 bonerum
740 3079 930 3162 literarum,
952 3078 1041 3149 vnde
1066 3078 1170 3148 libere
1194 3078 1350 3170 cogitare

317 3182 428 3254 discut.
477 3176 601 3249 Posteri
616 3193 734 3249 tamen
754 3180 836 3277 quid
854 3179 984 3265 dicent,
1006 3178 1048 3249 de
1063 3180 1161 3251 nobis
1181 3176 1262 3277 quid
1278 3182 1348 3250 exi-

280 3280 515 3366 *llimabuuu
554 3278 772 3378 posteaquam
800 3281 934 3371 codices
962 3282 1026 3351 hos
1052 3280 1141 3381 ipsos
1170 3278 1355 3353 multifarii·

238 3398 242 3405 '
316 3384 634 3467 casus,·hominum
648 3380 801 3467 fraudes,
825 3382 893 3481 ipsa
914 3380 1057 3453 vetustas
1085 3382 1228 3455 erebus
1243 3380 1348 3453 sustu·

316 3486 436 3571 ierint,
459 3510 541 3570 cum
558 3482 711 3577 legentes
729 3488 765 3556 in
781 3486 940 3577 catalogis
957 3483 1241 3557 bibliothecarum
1248 3510 1347 3557 men·

229 3658 236 3666 .
290 3592 450 3661 'tionem
476 3610 598 3657 eorum
617 3581 765 3673 iollam,
790 3612 861 3661 non
888 3582 1050 3660 tetriores
1081 3583 1189 3657 saltim
1222 3612 1347 3661 eorum

316 3684 567 3774 conseruatis,
586 3702 623 3759 et
645 3687 813 3760 librorum
831 3682 1080 3786 imprellorum
1111 3684 1281 3761 beneficio
1303 3686 1348 3762 td
1419 3732 1420 3739 κ

316 3813 438 3863 omnes
453 3804 620 3862 terrarum
635 3814 711 3864 oras
727 3789 847 3862 diditus
865 3804 900 3865 et
914 3790 963 3861 ad
971 3787 1122 3887 posteros
1144 3787 1349 3864 transmillas

314 3891 505 3965 videbunt?
556 3890 670 3963 Altera
684 3890 795 3977 causa,
821 3918 907 3989 quae
919 3890 1058 3977 lecerit,
1079 3906 1118 3961 vt
1140 3906 1292 3964 oratores
1308 3892 1349 3967 hi
1419 3956 1420 3961 ,

316 3993 589 4088 negligerentur,
610 3992 696 4067 haec
712 3992 829 4067 haberi
847 3988 964 4093 possit,
988 3992 1082 4093 quod
1099 4018 1236 4095 eorum,
1249 4020 1347 4167 rim
1419 4030 1420 4033 ¹

1207 4122 1246 4169 ex
1275 4114 1346 4187 ant,
