3100 4800
202 442 210 449 '
526 444 529 453 ‘
773 456 787 482 Χ»
1001 483 1006 499 ·
1035 500 1039 505 .
1160 443 1234 516 705·

124 541 129 563 '
205 528 1231 705 ecesseeeotssseoeeessesssc

206 842 212 853 .
258 864 269 899 .
332 770 660 879 svrrtesrenrs
707 773 1098 883 ANNOTATIONVM
1225 765 1228 775 ’
1274 830 1279 838 ,

140 897 1229 1109 ἱιιῑκΕΜΙΑΕΜΑιης-ωΝιη
1370 1079 1377 1093 ι

429 1142 545 1269 so
591 1142 980 1276 nesciuntur.
1052 1170 1062 1185 ι
1120 1172 1163 1276 ,ὲ
1182 1165 1225 1282 ..1
1367 1216 1375 1223 .

1155 1290 1226 1301 ιιι

1218 1340 1225 1347 0

1231 1420 1235 1427 =

197 1540 256 1691 ln
272 1533 410 1607 Schedis
426 1530 584 1626 Taylori,
607 1554 690 1627 quas
706 1527 882 1603 Askewius
892 1553 907 1619 ,¹
923 1536 983 1603 Vir
996 1532 1224 1631 praeiiuniffi.

258 1656 346 1723 mus,
362 1634 403 1710 ad
418 1659 474 1703 me
482 1630 579 1717 misit,
600 1632 711 1729 reperi
720 1633 955 1730 compluscula
964 1636 1139 1711 volumina
1153 1666 1224 1713 ora·
1369 1638 1375 1646 “

196 1738 333 1809 tionum
350 1730 588 1808 Demosthenis
604 1749 641 1804 et
655 1732 842 1822 Aeschinis,
880 1760 921 1807 er
935 1734 1084 1810 editione
1100 1766 1119 1814 a
1133 1748 1223 1839 Tay·

114 1854 115 1857 ’
196 1840 274 1912 loro
289 1854 419 1924 curata,
443 1860 591 1933 quorum
607 1833 817 1927 marginibus
832 1836 1011 1936 inscriptae
1025 1838 1105 1911 sunt
1116 1831 1238 1915 arnib-⁴

164 2007 171 2029 ,
195 1944 344 2011 tationes
372 1940 532 2010 Ieremiae
556 1935 764 2021 Marklandi,
792 1937 835 2009 ab
861 1935 964 2035 ipsius
987 1966 1107 2030 manu,
1149 1930 1221 2018 eaess

195 2041 275 2113 dem
289 2041 377 2127 illae,
395 2063 478 2138 quas
490 2036 621 2137 Taylor
634 2036 747 2123 edidit,
771 2037 828 2111 sed
841 2039 919 2111 alias
934 2046 1126 2139 pauciores,
1140 2047 1220 2118 alias

192 2144 321 2243 plures.
369 2140 472 2224 Quod
495 2140 553 2239 qui
575 2142 622 2210 ita
643 2142 814 2224 euenerit,
836 2142 961 2239 cuique
974 2142 1124 2219 liberum
1138 2145 1218 2236 ello,

193 2269 259 2343 pro
273 2243 368 2329 sensu
382 2242 443 2317 suo
463 2242 656 2313 decernere.
705 2240 974 2339 Deprehendisle
995 2246 1080 2316 mihi
1100 2248 1219 2321 videor

193 2372 234 2418 ex
249 2345 379 2418 indiciis
399 2342 616 2444 quibusdem,
638 2345 673 2414 in
698 2342 833 2415 edendo
848 2343 1080 2445 Demosthene
1093 2350 1219 2446 Taylm

190 2470 271 2520 rum
294 2449 387 2524 hunc
403 2465 536 2517 morem
558 2439 717 2532 tenuisse,
740 2459 780 2515 vt
803 2467 875 2517 non
895 2445 1012 2534 smus,
1033 2452 1217 2549 rno'quasr

109 2607 110 2610 ,
191 2549 327 2648 spiritu,
349 2563 464 2620 totum
482 2573 569 2646 opus
588 2543 790 2632 effunderet,
803 2548 871 2619 ‘sed
884 2548 1120 2646 particulatim,
1135 2579 1218 2625 con·
1339 2593 1344 2616 ι

188 2665 349 2750 cerptum
369 2653 405 2722 in
425 2653 556 2720 minuta
576 2643 693 2740 frusta,
722 2663 828 2745 prout
851 2654 961 2722 otium
984 2650 1124 2739 sineret,
1156 2670 1217 2728 aut

188 2755 272 2826 aliae
287 2752 398 2824 nescio
415 2777 501 2848 quae
523 2753 687 2836 rationes,
709 2752 904 2846 typothetis
928 2749 1023 2824 daret
1048 2756 1215 2833 excuden-

188 2855 281 2926 dum.
333 2855 514 2922 Orationes
544 2849 688 2948 srngulas
715 2847 869 2948 quaterue
893 2856 1086 2950 typothetis
1108 2858 1215 2928 uade-

186 2957 247 3028 bat
264 2955 433 3026 machinis
446 2952 519 3048 ‘suis
541 2951 581 3022 ad
602 2952 797 3047 exemplum
817 2953 1025 3026 Wolfianum
1049 2957 1214 3028 recuden-

188 3058 265 3142 das,
291 3081 362 3128 non
383 3049 581 3140 Ballleense,
606 3077 719 3148 neque
741 3054 1045 3167 Frincsttrtanum,
1068 3056 1124 3127 sed
1145 3044 1213 3128 Ge·

109 3183 111 3188 ’
174 3156 345 3231 nonense.
395 3156 431 3227 Id
453 3155 548 3255 quod
575 3155 699 3226 indicio
716 3151 855 3226 satisni
877 3155 978 3228 sallor
1005 3172 1100 3228 terto
1125 3157 1213 3231 milri

185 3257 338 3334 constitit
351 3259 429 3334 boc.
479 3253 533 3328 Eli
548 3278 654 3354 penes
671 3279 743 3339 me,
763 3254 903 3354 reliquis
921 3261 956 3327 in
978 3256 1108 3328 schedis
1122 3265 1213 3353 Tay·

185 3363 252 3434 lori
270 3360 430 3432 Londino
453 3358 582 3454 perlata
608 3355 771 3452 porticula
800 3359 957 3428 editionis
989 3359 1215 3447 Geneuensrs,

166 3514 169 3522 ,
183 3465 302 3562 paucis
319 3459 519 3558 quibusdam
535 3456 661 3552 fignata
681 3458 970 3530 admonitionibus
991 3462 1027 3530 in
1050 3461 1144 3532 vsum
1160 3477 1212 3556 ty·

184 3565 408 3662 pothetarum
422 3561 553 3656 anglice
569 3556 788 3657 conscriptis;
813 3563 870 3630 cui
892 3562 1077 3658 particulae
1090 3561 1211 3634 desunt

183 3656 244 3736 illa
263 3667 394 3752 omnia,
426 3687 512 3761 quae
534 3661 664 3758 Taylor
686 3657 808 3745 edidit,
836 3660 1016 3760 supersunt
1034 3688 1088 3748 ea,
1121 3687 1210 3761 quae

184 3793 258 3840 non
281 3765 400 3851 edidit,
422 3767 510 3835 tomi
530 3779 630 3862 puta,
660 3789 679 3832 e
700 3759 935 3836 distributione
948 3763 1121 3851 Wolfiana,
1144 3767 1212 3861 pri·

180 3893 263 3940 mus
281 3883 317 3940 et
339 3879 497 3965 quartus,
518 3861 666 3936 semundo
687 3878 723 3934 et
742 3867 845 3937 tertio
867 3862 1115 3937 deficientibus.
1164 3871 1211 3936 Vt

183 3975 316 4077 itaque,
340 3971 400 4056 (vt
413 3991 475 4054 eo,
489 3966 578 4038 vnde
594 3962 728 4051 excels,
750 3974 922 4058 reuertar)
946 3965 1094 4062 snguine
1111 3992 1211 4066 quae

756 4069 815 4159 Yy
1140 4092 1210 4166 que
