3100 4800
251 375 255 386 ’
362 418 464 494 xrvr
561 413 665 494 nt.
713 417 762 491 ns
805 417 873 502 au
911 417 1224 492 nuscanum

359 617 401 673 vt
419 625 500 688 uera
517 599 602 674 haec
617 595 786 672 dedecora
798 598 1009 688 dicerentur,
1031 616 1091 674 aut
1107 623 1200 672 nunc
1214 599 1335 672 celari
1356 613 1421 666 aut

305 748 307 751 -
361 701 510 775 excusari
530 698 653 800 potest.
701 706 828 800 Neque
853 698 960 773 obstat
977 703 1061 790 hoc,
1088 700 1181 802 quod
1193 701 1421 800 Stephanus

360 804 446 905 ipse,
474 804 591 878 saeuus
607 802 665 876 ille
679 802 807 888 censor,
826 805 861 873 in
879 804 946 876 hoc
962 803 1069 900 ipsum
1089 807 1218 878 crimen
1232 803 1419 875 incurrit

359 910 458 980 euius
474 905 560 994 illos,
583 907 785 990 Germanos,
811 906 919 977 homo
935 905 1190 994 Gallosrancus,
1213 929 1295 978 reos
1320 903 1421 994 agit.

185 1004 188 1013 ¹
248 1041 256 1048 ·
359 1003 639 1106 Woifiiprosetio
653 1007 994 1079 editioneslibrorum
1004 1032 1204 1100 graecorum
1220 1031 1285 1100 ego
1298 1007 1421 1101 equi·

358 1108 440 1182 dem
465 1110 565 1182 haud*
577 1109 667 1180 duco
687 1113 793 1201 magis
810 1107 1013 1207 suspiciosas,
1035 1135 1137 1208 quarn
1155 1107 1421 1206 StephanicaS.

333 1305 337 1310 .
355 1215 463 1284 Cuius
486 1212 569 1284 alius
593 1210 761 1282 editiones
782 1213 888 1303 magis
911 1211 1055 1282 horrent
1071 1203 1420 1312 nepedeophiioeew

357 1311 461 1411 spinis
468 1364 481 1405 Ι
506 1339 609 1411 quam
626 1327 686 1384 aut
698 1312 909 1397 Plutarchus,
933 1327 992 1384 aut
1007 1313 1100 1384 Plato
1116 1313 1307 1410 Stephani?
1343 1314 1413 1380 De

355 1415 499 1488 Platone
518 1407 657 1513 quidem
679 1413 854 1486 Fischerus
878 1411 990 1486 noster
1004 1419 1045 1489 V.
1061 1421 1096 1490 C.
1116 1411 1273 1490 testatum
1291 1411 1413 1494 fecit,

323 1549 326 1557 ·
358 1515 404 1588 de
426 1515 609 1588 Plutarcho
632 1530 747 1587 autem
770 1541 836 1608 ego
857 1517 927 1614 ipse
952 1510 1136 1614 quondam.
1190 1521 1318 1614 Turpe
1350 1509 1410 1584 est

356 1617 507 1714 censori,
531 1643 612 1689 cum
635 1617 738 1714 culpa
759 1613 931 1710 redarguit
952 1617 1073 1716 ipsum.
1119 1619 1185 1690 Sed
1198 1641 1408 1715 pergamus

354 1720 570 1820 Stephanum
589 1717 712 1796 audire.
760 1725 826 1794 „In
851 1719 1035 1791 editionem
1050 1711 1267 1792 Bafileensem
1281 1719 1404 1792 unius

266 1875 270 1889 .
302 1893 306 1910 ‚
355 1849 399 1894 ex
422 1823 477 1894 his
500 1819 712 1914 oratoribus,
745 1820 917 1892 Aeschinis
940 1821 1113 1908 videlicet,
1143 1848 1229 1919 quae
1252 1826 1402 1892 Demo·

354 1920 468 1998 stheni
492 1917 648 1994 adiuniia
663 1919 727 2008 est,
752 1947 834 1993 cunr
850 1923 952 1994 latina
967 1925 1265 2022 interpretatione,
1288 1948 1399 1993 noua

354 2025 523 2124 quaedam
539 2039 576 2096 et
588 2021 762 2111 inufitata,
812 2027 882 2096 uod
897 2023 938 2096 ad
955 2049 1094 2118 graecos
1110 2025 1288 2123 scriptores
1306 2025 1398 2094 atti-

354 2144 434 2214 net,
455 2127 591 2199 audacia
611 2121 749 2218 grassata
768 2051 844 2200 eih.
876 2125 924 2198 lbi
947 2127 1228 2232 enimplepisque
1242 2129 1277 2198 in
1292 2125 1392 2196 locis

352 2229 521 2311 uocabula
535 2229 643 2299 textui
658 2226 780 2298 inserta
795 2227 881 2314 sunt,
905 2228 995 2300 haud
1012 2233 1120 2326 pauca
1134 2233 1237 2300 etiam
1251 2231 1295 2300 ita
1304 2249 1393 2300 mu·

351 2343 426 2405 tata
446 2358 488 2404 ex
507 2329 575 2403 sola
594 2326 807 2418 cenidium,
831 2353 902 2403 non
923 2333 1036 2403 minus
1058 2345 1173 2403 tamen
1196 2328 1389 2414 audaciter,

352 2458 459 2530 quam
482 2431 507 2505 fi
529 2432 594 2503 hae
609 2431 797 2503 additiones
816 2446 849 2504 at
874 2458 918 2503 ue
931 2436 1187 2505 immutationes
1202 2458 1274 2507 uon
1296 2456 1390 2503 con-

350 2531 481 2607 iectura
502 2538 647 2621 incerta,
664 2534 732 2613 ¹sed
753 2458 935 2605 certishmo
956 2552 1113 2607 veterum
1137 2535 1386 2633 exemplorum

350 2634 547 2709 testimonio
562 2638 763 2711 niterentur.
772 2680 792 2710 n
840 2640 936 2722 Vera,
959 2640 1059 2708 nimis
1075 2662 1153 2709 vera
1167 2639 1230 2723 ais,.
1251 2638 1386 2707 miSte·

348 2737 477 2839 phane.
530 2743 591 2809 Tu
612 2753 745 2824 autem,
775 2736 868 2831 figna
890 2764 1066 2836 nunquam
1091 2735 1244 2810 mutasti.
1275 2764 1383 2809 aurea

314 2850 320 2861 “
349 2841 490 2913 aeneis?
519 2842 639 2911 Sinum
658 2854 908 2937 pertentemus.
935 2878 984 2897 -
1034 2846 1147 2939 Atque
1172 2838 1229 2929 (hc
1248 2828 1380 2938 pergit)

348 2958 387 3014 vt
403 2968 476 3015 non
490 2944 604 3012 minus
619 2940 787 3028 incuriae,
807 2966 910 3039 quam
923 2940 1078 3014 audaciae
1090 2942 1244 3043 exempla
1259 2942 1305 3013 ibi
1323 2968 1382 3013 ex·

348 3038 1265 3141 {darentomissasueruntplerisqueinlotisvocabula,
1285 3070 1377 3141 quae

347 3150 385 3219 in
396 3145 517 3222 Aldina
531 3146 702 3237 leguntur,
727 3163 763 3217 et
777 3142 847 3215 siue
861 3145 983 3243 quibus
1001 3145 1069 3217 l'oci
1079 3172 1117 3217 ex
1132 3147 1272 3239 integris
1282 3172 1378 3217 nran-

261 3262 266 3269 ’
348 3252 432 3321 ciet
444 3246 556 3319 mutili
572 3245 769 3325 redduntur.
820 3246 982 3343 Exempla
997 3264 1112 3319 autem
1126 3248 1180 3318 vel
1195 3246 1375 3319 conseren-

347 3351 394 3424 do
410 3350 498 3421 hauc
517 3374 628 3421 meam
644 3348 844 3421 Aldinamue
860 3374 940 3419 cum
956 3349 1012 3420 iila
1024 3344 1204 3437 Bahleenfi,
1217 3349 1374 3455 reimeas

347 3454 597 3525 Annotationes
620 3451 783 3544 legendo,
807 3450 898 3537 satis,
911 3468 971 3520 aut
992 3450 1271 3547 potius'nimium
1286 3452 1374 3523 mul-

345 3554 382 3628 ta
395 3556 656 3627 inueniunt„
669 3589 721 3608 -·
768 3556 860 3642 Quas
876 3554 930 3623 hic
945 3552 1136 3651 Stephanus
1161 3578 1374 3625 commemo·

345 3671 416 3744 rat,
440 3654 614 3755 pauloque
633 3651 710 3752 post
727 3656 853 3725 iterum
868 3668 971 3751 atque
984 3656 1109 3733 iterum
1125 3680 1372 3727 commemora·

346 3758 416 3864 hit,
445 3754 753 3856 armotationes‘ad
775 3756 977 3827 Aeschinem
1002 3754 1092 3841 suas,
1118 3784 1176 3829 eae
1192 3782 1369 3855 nunquam

344 3860 567 3962 prodierunt,
601 3855 660 3927 nifi
686 3856 777 3929 sorte
801 3880 863 3953 per
884 3857 937 3928 sex
959 3856 1063 3929 libros
1083 3858 1368 3931 Schediasmatum

343 3961 472 4066 sparsae
486 3955 579 4048 sunt,
603 3962 663 4061 qui
677 3959 754 4033 libri
770 3985 851 4031 cum
868 3956 1037 4033 iudicibus
1054 3974 1209 4049 careant,
1231 3984 1303 4033 non
1316 3986 1367 4031 va·
1389 3986 1398 4011 κ

296 4072 303 4082 ’
1314 4079 1367 4133 cat

662 4250 673 4290 Ι
