3100 4800
497 397 901 526 arietaria..
943 453 945 456 ·
1084 439 1201 550 nnn

153 645 208 697 cat
221 650 328 698 nnnc
342 649 410 697 eos
427 626 667 724 pernosutare.
714 623 821 724 Saepe
837 621 1046 727 Stephanus,
1061 627 1201 709 'institor

151 728 331 815 librarius,
365 729 474 800 sucro
497 729 653 814 inhians,
682 745 720 799 vt
740 729 845 800 libros
868 755 888 801 a
910 729 943 801 se
961 730 1098 804 excusos
1115 759 1200 804 nun·

148 830 239 902 dinis
251 829 512 902 Franfnrtanis
529 829 729 924 rrgentibus
746 831 965 921 extunderet,
996 835 1139 905 nimium
1153 835 1200 906 se·

146 929 316 1018 (Errabat,
339 947 385 1002 vt
409 931 564 1032 persona
576 931 714 1002 editoris
730 929 788 1004 fidi
804 947 839 1004 et
853 929 942 1004 dotti
959 932 1085 1006 saceret
1098 939 1201 1008 inter·

160 1033 423 1126 dumindigna‚
450 1031 650 1132 famamque
671 1035 836 1105 literatam
852 1035 1069 1134 decoqueret
1119 1039 1199 1110 Glo·

161 1136 267 1208 rinsns
298 1154 404 1222 erat1,
450 1151 489 1207 et
511 1129 728 1207 obtrestator·
742 1137 911 1224 aliorum,
946 1155 983 1208 et
1005 1135 1200 1235 haudsrarm

160 1266 245 1336 qnae
267 1236 341 1308 sors
371 1237 583 1309 thrasonum
604 1234 653 1308 est
678 1238 906 1324 ineuitabilis,
950 1237 1124 1338 impostor.
1151 1279 1200 1296 -

160 1345 307 1438 „Neque
322 1353 452 1410 tamen
479 1338 538 1426 (fic
553 1338 668 1410 rursus
681 1343 793 1437 pergit
808 1339 1016 1437 Stephanus,
1040 1340 1130 1445 quafi
1150 1342 1167 1413 s
1188 1389 1200 1406 .

159 1459 278 1512 mento
306 1441 473 1537 quodam
495 1441 605 1512 lenire
619 1440 744 1512 illatam
760 1442 895 1540 plagam
909 1442 1024 1534 vellet)
1047 1443 1149 1516 talem
1163 1441 1202 1514 si·

159 1571 193 1614 te
208 1542 412 1629 audaciam,
437 1539 511 1615 fine
525 1546 763 1630 temeritatem,
786 1541 857 1614 fiue
871 1541 1112 1616 confidentiam
1130 1572 1201 1618 non

160 1651 194 1728 ei,
219 1641 329 1716 cuius
357 1672 402 1714 ex
427 1648 572 1738 ingenio
594 1640 766 1740 professae
790 1645 868 1718 sunt
889 1645 965 1718 issae
978 1643 1201 1736 coniediurae,

160 1752 351 1833 ri10,non
378 1744 497 1817 solum
519 1741 722 1833 dottiffimn
753 1747 931 1818 sedetiam
957 1746 1204 1836 modestissimo,

160 1849 213 1920 sed
237 1844 442 1920 cnrrediori
466 1851 616 1946 cuipiam
631 1851 900 1946 typographico,
926 1849 1047 1942 digno,
1073 1855 1133 1948 qni
1149 1849 1203 1921 ssa·
1273 1893 1278 1900 -

132 1929 136 1982 ¹
160 1955 227 2044 gris
242 1953 469 2042 corrigatur,
497 1950 734 2046 imputandam
750 1946 817 2022 esse
833 1969 931 2048 puto.
941 1994 960 2026 υ
984 1991 1033 2006 -
1058 1957 1203 2032 Demo-

131 2023 135 2179 ι
161 2051 263 2124 dessia
286 2051 438 2149 quidem
451 2048 572 2121 Wolfii
592 2066 721 2138 tacere,
743 2055 791 2122 mi
805 2047 993 2150 Stephane,
1012 2051 1114 2124 satius
1131 2053 1203 2125 sue·

161 2171 236 2251 rat,
268 2179 345 2252 qno
364 2179 477 2226 nemo
494 2149 549 2238 est,
573 2169 632 2224 aut
650 2152 717 2226 suit
740 2179 908 2252 mquam,
946 2154 993 2226 sui
1017 2152 1204 2230 iadantior.

162 2263 276 2348 Legat
291 2259 389 2353 quis,
407 2253 433 2324 fi
449 2252 564 2354 potest
576 2281 658 2326 cum
671 2258 851 2352 patientia,
876 2255 1101 2352 praefationes
1118 2261 1203 2329 einr.

128 2417 129 2422 η
163 2357 256 2431 Odio
278 2352 472 2432 instantiae
493 2382 573 2429 eum
606 2357 810 2430 enecabunt.
858 2361 912 2429 De
935 2356 1127 2431 correttore
1141 2353 1223 2433 au·⁸
1260 2434 1263 2442 ,

128 2427 132 2523 s
164 2478 255 2546 tem,
288 2486 369 2531 cras
394 2461 554 2548 credam,
584 2459 688 2530 hodie
709 2460 802 2538 nihil.
853 2461 976 2551 Procul
995 2462 1131 2558 quidem
1147 2468 1203 2533 Ba-

127 2556 128 2575 *
162 2562 239 2635 silea
262 2558 423 2634 Wolsius
447 2561 579 2645 aberat,
611 2558 777 2653 Augustae
793 2562 1049 2633 Vindelicorum
1067 2563 1203 2658 degens,

163 2663 291 2763 etipse
318 2663 425 2761 saepe
448 2662 491 2734 de
512 2663 734 2734 multitudine
754 2677 858 2760 atqne
883 2661 1044 2736 soeditate
1067 2666 1201 2737 menda·

125 2785 126 2836 t
163 2794 241 2838 rum
265 2769 455 2864 quentin,
478 2790 562 2866 quas
585 2768 630 2835 ait
644 2789 708 2861 per
722 2790 903 2862 operarum
919 2781 1022 2865 atque
1038 2763 1204 2840 comesso-
1249 2838 1260 2847 ,

164 2895 242 2940 nrm
274 2871 461 2961 ignauiam
484 2870 527 2938 in
563 2867 748 2937 editionem
782 2862 1007 2955 Bafileensem,
1031 2866 1204 2966 irrepfisse.
1241 2866 1258 2949 ,¹

166 2972 259 3041 Solet
281 2968 377 3047 fieri,
431 2970 670 3039 Germanicam
694 2992 806 3039 meam
830 2967 932 3065 ipfius
955 2972 1204 3067 interpretatio·

167 3098 248 3144 nem
261 3074 471 3143 orationum
494 3067 734 3141 Demosthenis
759 3082 863 3166 atque
885 3068 1056 3140 Aeschinis
1079 3098 1204 3169 operae
1272 3138 1277 3151 ,

168 3171 444 3266 Lemgouienses
460 3170 629 3269 pudendis
645 3171 786 3243 mendis
797 3174 1072 3269 coinquinemnt.
1100 3180 1203 3247 Certo

122 3271 127 3336 s
169 3296 286 3347 tamen
302 3272 355 3345 est
370 3278 514 3359 certius,
538 3272 648 3371 ipsum
659 3272 825 3345 Wosfium
839 3270 1077 3373 praescripsisse
1093 3292 1128 3347 et
1145 3280 1205 3347 im·

172 3372 303 3477 pemsse
322 3378 441 3474 operis
454 3370 704 3463 Bafileenfibus,
718 3390 758 3447 vt
776 3370 987 3447 coniediuras
1002 3374 1073 3447 suas
1083 3402 1203 3449 omnes
1224 3418 1236 3459 ‚-

172 3484 207 3551 in
221 3493 361 3551 textum
377 3482 616 3564 immitterent,
639 3475 700 3549 nisi
713 3478 831 3576 potius
847 3476 915 3574 ipse
930 3478 995 3548 illis
1010 3479 1205 3577 exemplum
1277 3474 1281 3481 ¹

124 3607 129 3662 ς
176 3579 278 3667 misit,
295 3581 397 3679 quod
411 3581 610 3666 redderent,
630 3606 650 3650 a
664 3579 697 3651 se
712 3582 811 3661 antea
823 3578 864 3649 ad
885 3596 1037 3651 mentem
1052 3580 1143 3653 suam
1157 3584 1207 3652 in·

180 3682 403 3780 terpolatum.
444 3686 525 3753 Hac
542 3680 682 3777 quidem
702 3680 824 3853 culpp,
847 3706 934 3779 quae
955 3678 1129 3777 infigniter
1150 3680 1205 3753 fla-

184 3784 292 3877 gitiosa
305 3782 369 3871 esi,
392 3783 595 3882 praesertim
620 3808 700 3855 cum
725 3782 759 3855 le
794 3806 870 3855 ores
893 3808 965 3856 non
991 3780 1128 3857 cauisset
1153 3784 1207 3855 ad·

134 3898 137 3950 ἶ
191 3911 334 3974 nouere,
364 3886 464 3959 Wols
483 3886 624 3958 liberari
652 3884 749 3955 nullo
771 3884 877 3957 modo
907 3882 1028 3984 potest.
1103 3886 1209 3979 Flagi-

137 3955 144 4080 s
195 3990 266 4062 nm
278 3988 359 4064 raud
372 3984 577 4064 inuitosefi
593 3981 770 4059 nmirum
785 3984 868 4078 fun,
893 4012 955 4061 cur
972 4010 1044 4061 non
1059 3986 1208 4162 ippnnt

1024 4134 1029 4139 -
1117 4090 1208 4162 timi
