3100 4800
349 414 424 503 652
521 444 527 457 ·
687 416 1041 520 ruoerm.
1160 413 1166 425 ’

345 592 387 663 -Ιο
404 584 570 674 nuderis,
595 584 637 660 de
657 586 823 691 leribendi
836 588 1088 688 meditandique
1104 608 1241 680 genere,
1264 588 1312 660 de
1322 587 1395 661 sen-

349 688 535 765 tentiarum
558 691 712 788 pondere
731 696 768 762 'et
792 693 974 784 grauitate,
998 674 1041 762 de
1065 696 1183 765 colore
1198 696 1394 779 Orationis,

351 797 543 891 ceterisque
567 791 602 863 id
624 818 731 885 genus
755 793 918 891 disputes,
938 790 1136 865 leuissimam
1160 821 1236 867 eam
1260 792 1393 864 confir-

233 946 238 958 „
351 896 467 969 mandi
488 898 655 965 rationem
678 892 744 991 elle
758 894 975 981 crediderim,
998 912 1058 966 aut
1070 901 1187 993 potius
1203 922 1278 969 non
1294 898 1337 966 in
1353 924 1392 966 ea
1430 929 1432 1020 Ι

351 1003 421 1071 vim
442 992 546 1069 ineffe
562 1001 762 1068 maumam:
787 1023 907 1074 verum
929 1022 1010 1067 eum
1034 998 1076 1068 de
1093 1002 1134 1069 iis
1147 1002 1184 1070 in
1199 999 1389 1096 publicum

352 1096 503 1187 differas,
527 1124 566 1169 ea
579 1098 758 1197 disputatio
772 1095 943 1169 auditores
961 1096 1109 1196 postulat
1133 1100 1185 1189 (id
1199 1098 1299 1198 quod
1314 1127 1388 1170 non

255 1210 258 1217 '
298 1245 304 1261 κ
351 1204 486 1301 semper
504 1198 580 1279 fieri
603 1200 699 1290 solet)
723 1199 847 1272 eodem
868 1200 1042 1271 literarum
1064 1227 1190 1295 genere
1212 1203 1387 1287 excultos,

294 1376 307 1393 ,
339 1305 394 1378 'ud
414 1300 601 1375 illiusmodi
615 1301 730 1374 'studia
755 1316 792 1374 et
807 1299 926 1397 etism,
957 1302 1111 1390 auribus,
1137 1303 1234 1375 sensu
1248 1318 1288 1375 et
1301 1305 1386 1375 iudi-

341 1402 679 1505 'cio.confdrmatos‚
710 1402 769 1474 vlu
794 1403 942 1501 denique
964 1408 1182 1492 exercitatos,
1214 1423 1328 1503 atque
1344 1433 1385 1477 eo

349 1509 490 1581 demum
515 1508 593 1578 ocio
615 1506 849 1591 abundantis,
866 1532 937 1603 quo
961 1504 1031 1602 ipse
1050 1506 1192 1594 frueris,
1226 1512 1288 1606 qui
1303 1506 1382 1578 istos

263 1644 264 1649 ¹
348 1606 514 1682 Auelores
538 1611 702 1679 ateneris
726 1609 917 1700 unguiculis
940 1606 1115 1697 edidicisti,
1149 1626 1255 1708 atque
1279 1612 1317 1681 in
1344 1613 1382 1681 iis

157 1710 162 1717 ’
348 1710 440 1813 quafi
454 1705 686 1810 expendendis¹
693 1704 808 1782 luilles
825 1712 1021 1781 innutritus.

336 1940 340 1951 ·
401 1918 607 2010 Quanquam
628 1906 719 1980 istius
742 1912 875 2004 generis
901 1912 1010 1982 multa
1027 1906 1163 1984 fortasse
1183 1910 1311 1984 adferri
1323 1940 1382 2013 pe

352 2012 511 2101 tuilserit3
534 2022 637 2110 atq'ue
659 2014 732 2083 iure
753 2012 1015 2099 contenderem,
1042 2040 1100 2085 me
1124 2017 1305 2108 ingenium
1327 2022 1380 2087 Ae-

296 2192 301 2204 ,
341 2118 477 2215 schiris,
500 2130 536 2187 et
553 2114 717 2199 sonitum,
741 2118 812 2185 vim
826 2128 862 2185 et
878 2116 1148 2202 vehementiam,
1180 2118 1238 2187 hic
1254 2117 1376 2216 inipso

349 2218 491 2315 Aeschine
512 2213 712 2303 defiderare,
748 2230 974 2288 veruntamen
996 2220 1143 2311 populari
1163 2223 1284 2316 potius
1310 2247 1377 2292 ora-
1430 2277 1432 2309 ,

236 2340 239 2347 ’
346 2324 444 2393 tione
460 2345 559 2414 agere
575 2318 762 2405 maluerim,
788 2332 890 2416 atque
897 2321 936 2389 iis
953 2321 1162 2413 argumentis
1177 2324 1235 2408 vti,
1251 2324 1377 2422 (neque
1430 2322 1432 2403 l

338 2424 428 2496 'lane
448 2426 488 2494 iis
511 2419 692 2512 destituor)
718 2445 805 2518 quae
826 2447 930 2493 nemo
952 2418 1172 2521 profiteatur,
1194 2440 1255 2495 aut
1277 2427 1378 2498 reela·
1430 2424 1431 2431 '

346 2542 436 2613 met,
460 2525 494 2595 se
512 2523 630 2620 sentire
651 2549 720 2594 non
738 2518 847 2622 polle:
885 2543 889 2561 ¹
1429 2470 1432 2579 l

337 2771 343 2782 -
395 2729 512 2797 Nemo
534 2724 638 2796 hodie
662 2727 696 2794 in
719 2727 768 2796 Re
789 2725 951 2813 Literaria
970 2724 1123 2823 reliquus
1145 2721 1208 2811 est,
1234 2730 1298 2824 qui
1319 2732 1378 2799 De-
1430 2732 1431 2747 ³

347 2829 507 2924 arasthem
529 2827 679 2923 Epistulas
704 2821 885 2912 confidas,
908 2839 1011 2922 atque
1033 2824 1083 2897 isti
1098 2829 1230 2898 nomini
1245 2843 1376 2902 temere
1430 2786 1432 2877 l

280 3019 282 3031 1
347 2929 477 3022 adiutas
501 2925 568 3001 effe
590 2955 660 3000 non
685 2928 881 3000 crediderit:
914 2927 1008 3000 Adeo
1031 2955 1210 3026 nunquam
1226 2929 1269 3001 de
1285 2958 1326 3002 ea
1341 2921 1383 3003 re¹
1429 2996 1432 3031 Ι

345 3032 402 3103 vel
424 3033 565 3102 minima
581 3027 741 3104 exstiterit
757 3031 945 3101 Dubitatio.
995 3033 1056 3102 Eas
1071 3045 1188 3102 tamen
1203 3033 1375 3132 tampres-
1429 3034 1432 3115 i

336 3132 382 3204 'so
405 3132 493 3231 pede
514 3133 664 3231 sequitur
685 3135 793 3204 homo
810 3129 939 3218 noster,
960 3147 999 3202 vt
1015 3133 1157 3231 planum
1172 3128 1305 3206 lesturo
1321 3133 1376 3207 fie·
1430 3124 1431 3199 l

337 3237 376 3306 ri
396 3225 512 3332 poffit,
537 3237 596 3305 has
620 3249 714 3307 certe
734 3249 880 3305 exaratas
904 3259 1081 3332 nunquam
1104 3230 1219 3320 fuine,
1244 3240 1282 3307 ni
1301 3239 1374 3311 illae

269 3365 276 3384 ³
347 3351 446 3407 antea
464 3331 666 3407 exstitiffent.
715 3337 821 3407 Verbi
840 3338 964 3428 gratia:
990 3337 1167 3417 Quae‘ille
1189 3336 1374 3432 PscadeDe·
1430 3326 1431 3335 ἵ

346 3437 509 3534 moflhrues
522 3436 564 3508 de
582 3441 731 3534 Lycurgi
746 3437 860 3509 liberis
884 3436 1097 3535 conscripfit,
1119 3439 1178 3508 hic
1192 3441 1373 3533 Pseudo-Ae-

339 3538 458 3635 schines
472 3541 614 3638 excipit,
640 3543 731 3626 citat,
752 3555 856 3636 atque
871 3564 913 3609 eo
927 3556 1222 3633 argumentorum
1236 3543 1372 3616 Ciuilms

250 3679 253 3684 ·
346 3641 412 3712 suis
430 3644 465 3711 in
481 3637 650 3738 postrema
662 3638 899 3740 Epistolaagit.
947 3643 1203 3714 Theramenem
1218 3644 1288 3732 Ille,
1303 3654 1371 3718 Me
1430 3656 1432 3789 Ῐ

333 3743 515 3839 lannpum
531 3742 617 3832 Hic,
641 3747 801 3816 excitauit
818 3739 1079 3830 obtretlato'res,
1105 3747 1164 3841 qui
1178 3741 1370 3821 fimilemlu-
1430 3792 1431 3801 κ

338 3844 429 3916 'dum
454 3843 628 3930 luderent,
653 3861 755 3942 atque
777 3860 963 3944 rtrumque
984 3847 1134 3917 exsulem
1154 3862 1191 3916 et
1202 3849 1370 3924 absentem
1430 3866 1431 3893 ¹

331 3947 512 4018 ·conuiciis
535 3949 632 4022 domi
653 3947 849 4042 lacerarent.
899 3948 995 4020 Adeo
1018 3955 1113 4025 Prcas
1132 3949 1216 4022 illud
1229 3957 1369 4050 scripte

1296 4064 1431 4153 rum}
