3100 4800
499 406 906 483 1110011010·
976 286 1026 464 1.
1108 405 1223 531 ιςς,ἱ

202 588 298 657 Ecce
317 608 402 657 vero
427 586 558 677 Ingenii
577 590 792 683 Morumque
806 582 1072 683 sophisticorum
1088 584 1189 685 peril
1230 576 1253 637 s

136 686 258 759 lustre
273 692 564 763 Monumentum!
595 692 737 759 Norunt
753 712 892 775 omnes,
915 690 1066 760 Gentem
1081 686 1187 777 istam,

137 806 297 886 praeter
310 804 461 875 ceteros,
490 788 623 886 semper
645 783 776 859 suille
766 814 802 859 m
826 814 865 860 re
879 788 988 861 aliena
1003 790 1189 887 profusam,

138 893 188 963 'm
205 891 264 963 sua
281 914 436 990 parcam,
453 846 623 963 sordidum
637 904 673 961 et
686 890 894 963 illiberalem
935 894 979 962 Et
994 916 1058 985 ego
1073 919 1115 964 eo
1118 892 1187 965 vel

138 996 258 1065 unico
284 1007 488 1086 argumento
511 984 664 1079 innixus,
687 994 811 1089 quouis
832 996 978 1090 pignore
1001 994 1187 1065 contende·

142 1121 248 1181 rem,
275 1094 315 1165 ab
330 1094 500 1165 umbratili
513 1094 577 1180 illa,
595 1120 699 1213 quam
716 1094 803 1180 dico,
817 1094 957 1182 Schola,
972 1096 1056 1167 haec
1071 1098 1187 1167 omnia

143 1191 222 1267 esse
241 1191 411 1293 professa,
447 1209 550 1292 atque
573 1194 653 1268 ab''
633 1222 674 1265 ns
695 1150 879 1288 Mugisbis,
901 1199 961 1293 qui
983 1194 1043 1277 triu
1062 1194 1187 1293 Θὸλιι

141 1312 190 1369 vt
205 1296 347 1385 dicitur,
371 1294 481 1369 solent
495 1294 695 1391 nguraweir.
717 1296 853 1395 Hospes
871 1297 1008 1396 quidam
1021 1298 1187 1386 Rhodius,

144 1414 191 1471 vt
205 1354 377 1492 legimus
368 1426 404 1470 m
419 1401 539 1497 quinta
554 1396 715 1493 Epistola,
741 1398 900 1473 Aeschini
922 1397 1037 1471 nostro
1053 1415 1186 1473 tantam

144 1498 415 1588 frumentivim,
436 1498 662 1573 liberalissimo
679 1499 819 1598 quidem
833 1498 1188 1589 unimo,mis1tdono,
1250 1539 1254 1549 ,

147 1616 317 1724 quantam
341 1601 473 1701 Populo
495 1600 760 1675 Cothocidarum
788 1602 960 1691 uniuerso,
985 1600 1107 1690 idest,
1132 1558 1188 1687 dtu
1220 1688 1224 1699 Ι

150 1698 277 1795 μότιιις
291 1702 356 1775 suis
358 1706 442 1801 ,qui
458 1718 556 1775 erent
568 1704 728 1791 Athenis,
753 1700 907 1775 sufficere
919 1659 1067 1802 pdtuille
1082 1700 1186 1775 exilii·

151 1820 273 1877 maret
322 1808 391 1875 Hic
407 1806 464 1877 ille
480 1802 541 1891 est,
565 1831 669 1903 quem
685 1832 768 1879 vero
786 1806 899 1879 dicere
912 1804 997 1903 poss
986 1808 1099 1905 istuis
1115 1810 1184 1879 usu

151 1916 262 1991 iratr's,
284 1920 322 1977 vt
337 1906 491 2004 loquitur
505 1910 616 1981 Poeta
667 1906 759 1991 Quid
779 1908 866 1979 Ille
857 1922 1003 1995 mterea,
1026 1933 1108 1979 cum
1120 1905 1185 2003 sue

150 2007 333 2087 liberalitas
363 2024 435 2081 erat
464 2007 719 2106 expromenda?
762 2014 903 2116 Nempe
932 2009 1054 2082 Rhodo
1080 2010 1185 2079 Athe-

152 2136 232 2197 nas,
254 2112 376 2197 itinere
391 2136 462 2181 non
480 2108 664 2183 admodum
679 2112 819 2202 exiguo,
842 2109 1002 2183 scriblitas
1019 2110 1185 2209 quasdam

153 2226 190 2283 et
213 2212 405 2309 placentas,
431 2238 576 2311 quarum
598 2209 788 2283 comestura
810 2211 843 2283 se
847 2238 1075 2310 magnopere
1096 2212 1186 2303 dele

152 2310 598 2432 811010111101,ιιιυιιε
615 2312 789 2387 diobolare
803 2313 884 2402 sere,
910 2332 946 2388 et
959 2330 1186 2386 conte-moen

152 2416 253 2502 dum,
277 2417 319 2487 ad
334 2420 482 2488 amicum
498 2420 641 2488 mittit
661 2419 838 2489 Haeccine
848 2416 923 2504 rlle
950 2421 1009 2514 qui
1032 2415 1182 2490 conferri

152 2543 235 2589 cum
258 2515 507 2604 Demosthene,
530 2533 566 2590 et
589 2543 670 2590 cum
692 2545 735 2592 eo
758 2475 923 2612 congredi
933 2521 1074 2616 potuit?
1097 2523 1181 2592 Hoc

151 2645 267 2690 annon
282 2623 399 2718 potius
415 2619 581 2692 barbatuli
595 2619 734 2692 alicuius
750 2619 985 2692 declamatoris
1007 2617 1104 2692 fuisse
1126 2647 1181 2692 ex·
1259 2646 1263 2655 ’

150 2719 292 2808 illimes,
315 2747 417 2822 quam
430 2721 538 2810 illius,
564 2749 623 2822 qur
612 2720 840 2794 fulminibus
854 2719 1127 2817 nmostlauu'
1100 2743 1180 2816 αιτο,
1317 2808 1321 2817 ¹

151 2817 349 2919 οφθαλμιιι
370 2837 406 2895 et
420 2837 573 2922 poterat,
595 2837 631 2896 et
642 2805 823 2896 soleretl
1263 2845 1268 2860 ’

163 3025 296 3096 'Haec
317 3025 492 3097 delibanda
515 3021 581 3099 else
604 3025 769 3100 iudicauit
816 3035 930 3096 cetera
951 3019 1115 3118 exsequor
1136 3015 1180 3094 ad

150 3123 220 3224 ipsa
238 3126 360 3216 loeas
351 3153 388 3199 m
403 3128 527 3225 quibus
541 3126 728 3202 illiusmodi
740 3151 853 3220 nugae
869 3120 1107 3203 meracissimae
1122 3148 1178 3194 oc-
1234 3165 1239 3178 ·

149 3243 303 3304 currunt.
353 3257 552 3304 raucos.
1173 3257 1177 3264 ·
