3100 4800
279 477 284 491 ,
394 395 692 511 cressonis
740 409 1086 553 nuscuinsns.
1167 460 1249 541 773

221 615 476 713 Chrysococca3
502 644 573 715 quo
587 618 636 708 fit,
650 637 688 691 vt
706 645 787 691 eum
802 615 974 694 interdum
990 614 1131 721 quoque
1146 609 1250 721 Chry·
1438 712 1439 719 χ

123 786 130 793 .
218 716 401 791 sococcam
414 720 594 819 appellem.
641 722 714 819 Ipse
727 720 868 795 testatur
882 726 918 794 in
934 725 1025 796 casce
1035 726 1161 799 codicis
1172 713 1246 800 hoc

144 866 147 871 -
219 823 294 917 pari
306 820 500 893 iamborum
515 815 746 919 politicorum.
1372 812 1382 827 '⁴

217 966 222 974 ·
316 936 470 1035 rodmar
489 943 664 1035 γέγραφεν
687 939 948 1038 ὁχςυσοίικόκης

172 1133 177 1138 ⁴
312 1039 470 1133 Αὖςίπᾳ
483 1028 575 1123 rosido
589 1037 710 1129 βίβλον
725 1040 774 1134 τῷ
795 1035 920 1141 socium.

215 1160 393 1261 Aurispam
410 1188 490 1235 cum
506 1151 637 1237 constet
650 1164 781 1237 saeculo
789 1165 903 1235 medio
914 1168 979 1235 XV.
990 1158 1145 1257 floruisse,
1161 1189 1241 1236 con-

142 1327 144 1329 ,
216 1262 381 1335 stat'item
399 1266 530 1352 exhoc,
557 1270 747 1359 Georgium
766 1265 1051 1363 Chrysococcam,
1076 1270 1133 1363 qui
1150 1266 1240 1337 codi·
1299 1343 1303 1349 ,
1373 1257 1426 1311 “·

215 1391 294 1436 cem
309 1363 479 1437 Aeschinis
491 1366 792 1439 Helmstadiensem
802 1368 957 1453 exorauit,
978 1392 1058 1436 cum
1072 1367 1129 1438 ilio
1145 1366 1241 1438 nobi·

215 1466 241 1537 li
264 1466 529 1555 Mathematico,
556 1474 615 1569 qui
638 1469 768 1543 saeculo
791 1468 865 1539 sere
885 1471 1056 1565 antiquior
1079 1466 1141 1553 est,
1165 1494 1237 1540 non
1338 1480 1346 1498 ’

215 1564 283 1639 esse
297 1568 578 1667 permiscendum,
629 1576 682 1642 De
704 1570 838 1641 duobus
856 1560 908 1641 his
926 1570 1082 1661 Georgiis
1098 1570 1207 1664 Chrys
1226 1613 1237 1623 ·
1366 1577 1374 1611 t

216 1673 348 1756 coccis,
371 1668 553 1743 vetustiore
575 1688 677 1770 atque
692 1676 842 1755 iuniore,
869 1672 938 1765 egit
951 1676 1021 1741 Leo
1038 1670 1177 1743 Allatius
1202 1673 1237 1743 in

214 1766 368 1843 Diatribe
390 1772 432 1843 de
446 1774 619 1867 Georgiis‚
643 1800 676 1872 p.
694 1781 774 1861 695.
797 1772 874 1844 edit.
889 1770 1031 1843 Fabricii
1044 1776 1087 1843 T.
1102 1778 1138 1843 X.
1153 1772 1235 1842 Bibl.

120 1928 128 1935 .
214 1874 276 1944 Gr.
327 1865 381 1945 De
402 1875 555 1973 Aun'spa,
587 1879 645 1973 qui
669 1874 938 1969 Chrysococcam
965 1900 1040 1943 aere
1065 1872 1124 1944 suo
1149 1872 1237 1944 vide·

212 1987 272 2045 tur
294 1974 333 2046 ad
350 1978 444 2046 hunc
462 1976 617 2048 codicem
632 1976 833 2049 exarandum
851 1968 1062 2063 conduxisse,
1086 2002 1116 2044 v.
1138 1973 1237 2069 Bayle
1333 2004 1336 2012 ·

211 2070 418 2149 Distionaire
434 2076 498 2149 hac
512 2097 608 2149 voce.
657 2074 793 2150 Constat
807 2076 925 2148 ambos
943 2079 1083 2148 ineunte
1100 2088 1135 2147 et
1148 2074 1238 2149 adul·

211 2192 252 2249 to
268 2177 399 2250 saeculo
421 2176 488 2249 XV.
511 2175 668 2257 floruiffe,
691 2178 780 2251 vnde
802 2204 943 2277 quoque
963 2194 1076 2277 paret,
1101 2204 1168 2275 qua
1184 2204 1234 2247 ae·

212 2294 286 2349 tate
318 2280 425 2351 codex
456 2280 512 2351 hic
550 2297 702 2352 exaratus
727 2279 852 2353 suerit.
923 2278 1102 2351 Habenter
1127 2276 1232 2361 istaec.
1274 2270 1278 2284 ⁴

143 2433 149 2438 -
210 2380 401 2470 Aeschinis,
426 2409 513 2480 quae
528 2380 654 2454 exstant
668 2385 799 2469 omnia,
819 2382 888 2452 hoc
906 2380 1033 2453 ordine.
1082 2376 1160 2453 Vita
1174 2386 1236 2450 Ae-

115 2541 127 2556 ..
212 2481 337 2554 schinis
358 2498 393 2555 et
415 2500 613 2577 argumenta
627 2489 784 2555 omnium
799 2487 903 2556 trium
920 2487 1113 2584 orationum
1128 2483 1236 2556 conti-

214 2611 286 2655 nuo
302 2584 441 2682 scripta,
466 2593 543 2657 tuni
564 2577 739 2658 orationes
751 2585 839 2684 ipsae
855 2610 896 2656 eo
920 2585 1055 2671 ordine,
1079 2611 1149 2682 quo
1164 2582 1235 2654 vul·

213 2688 309 2780 gatis·
318 2689 352 2756 in
368 2686 459 2756 libris
476 2686 646 2782 leguntur.
668 2703 745 2758 tum
768 2684 926 2784 epistolae
943 2686 1125 2758 Aeschinis.
1151 2681 1234 2782 post,

214 2785 373 2885 epistolae
397 2784 565 2875 Isocratis,
592 2816 663 2860 non
687 2790 763 2860 illae
784 2803 937 2874 tantum,
963 2791 1100 2886 quaein
1116 2787 1234 2858 editio-
1339 2861 1342 2868 .

212 2889 314 2960 nibus
330 2889 522 2982 vulgaribus
537 2891 716 2982 leguntur,
737 2888 793 2959 sed
809 2890 864 2960 illa
880 2915 1036 2986 quoque,
1070 2913 1172 2987 quam
1192 2884 1233 2956 ad

209 2989 454 3061 Archidamum
470 3015 587 3085 regem
603 2995 804 3089 Spartanum
820 2988 929 3060 datam
939 2989 1049 3060 Dauid
1064 2985 1236 3060 Hoesche·
1309 3025 1312 3033 ·
1355 3055 1358 3065 ,

210 3093 279 3166 lius
311 3095 442 3190 primus
473 3096 510 3164 in
541 3096 632 3164 notis
658 3091 699 3163 ad
721 3090 835 3162 Photii
857 3069 1101 3162 Bibliothecam
1121 3088 1234 3162 edidit.
1286 3093 1326 3115 '³
1381 3147 1387 3168 ,

209 3200 259 3271 Io,
281 3193 393 3265 Dauid
415 3193 585 3278 Koehler‚
605 3255 611 3264 ,
632 3193 755 3265 nobilis
775 3185 946 3262 Professor
969 3187 1243 3292 Goettingenfis,'
1365 3273 1369 3284 ¹
1396 3251 1403 3263 s

119 3294 132 3332 '
211 3291 435 3366 ineunte'hoc
451 3287 583 3366 saeculo
598 3293 827 3386 Winebergae
844 3319 924 3364 cum
939 3294 1042 3364 latina
1056 3293 1111 3364 sira
1132 3295 1234 3362 inter·
1262 3351 1282 3390 ,Ι

211 3399 406 3494 pretatione
428 3411 463 3467 et
487 3395 764 3468 annotationibus
780 3395 920 3466 'denuo
936 3395 1048 3468 edidit.
1119 3397 1233 3475 Quam

213 3495 396 3598 epistolam·
425 3495 623 3581 nouissimus
651 3497 801 3569 Isocratis
836 3495 946 3568 editor
974 3499 1139 3568 Battierus
1174 3507 1235 3564 aut
1342 3581 1347 3592 f

122 3624 128 3631 ·
176 3603 180 3610 ’
213 3601 399 3692 ignorauit,
435 3614 495 3669 aut
522 3599 723 3697 pudendum
751 3613 787 3669 et
816 3601 914 3670 venia
935 3625 1006 3671 non
1028 3599 1167 3689 dignum
1191 3620 1234 3665 eo

213 3697 385 3771 commifit
405 3697 588 3793 flagitium,
622 3699 716 3798 quod
737 3703 919 3796 praeteriit.
966 3697 1096 3792 Ignosci
1114 3692 1236 3796 posset,

204 3799 238 3877 fi
255 3799 365 3872 abdita
378 3803 413 3870 in
429 3803 517 3874 libro
536 3805 697 3900 quopiam
712 3804 857 3872 inuentu
878 3794 1038 3874 rariffimo
1056 3795 1154 3885 esset,
1177 3805 1258 3868 aut'·

125 3923 131 3932 ·
212 3903 400 3975 aFabricio
425 3899 558 3974 filontio
573 3898 769 3976 transmissa.
821 3909 951 3976 Verum
970 3901 1172 3974 incredibilis
1189 3895 1236 3969 est
1288 3893 1321 3938 '¹'

210 4005 410 4096 multorum·
427 4004 597 4078 editorum
618 4004 689 4078 fiue
715 4003 859 4092 inscitia,
891 4003 960 4079 siue
982 3997 1239 4176 secordia}s1ue
1311 4049 1317 4057 -
1419 4033 1422 4040 ¹

305 4121 314 4132 “
729 4111 866 4204 Ccc3
983 4101 988 4114 ⁶
1150 4104 1241 4198 egni-
