3100 4800
506 476 510 489 ‘
1152 454 1223 531 347

193 599 1229 721 momentorum->ionem

562 800 633 869 Ex
688 796 868 867 LIBRO

195 962 269 1071 M.
338 952 657 1063 TVLLII
733 948 1228 1063 CICERONIS

466 1148 521 1204 DF.
555 1145 745 1207 OPTIMO
783 1145 971 1205 GENERE

346 1233 1165 1372 oon-tonum(

766 1546 771 1587 Ι
817 1534 824 1549 l

116 1642 117 1645 Ἴ
205 1656 350 1855 Cum
365 1676 447 1755 eliet
461 1682 513 1753 lex
529 1682 692 1767 Athenis,
717 1688 837 1777 nequir
853 1680 1086 1778 populiscitum
1094 1684 1229 1780 faceret,

315 1804 351 1857 ot
374 1793 538 1879 quisquam,
555 1808 665 1853 corona
680 1785 850 1854 donaretur
870 1792 902 1854 r‘n
922 1786 1112 1883 magistratu,
1128 1795 1231 1879 prius'·

115 1884 116 1965 J
206 1879 303 1983 qn'im
325 1894 460 1958 rationes
482 1882 646 1983 retuliffit:
672 1898 706 1957 et
720 1884 825 1955 altera
838 1884 901 1970 lex,
926 1910 986 1972 cos,
1008 1894 1066 1979 qui
1077 1912 1096 1957 a
1116 1890 1230 1982 populo
1328 1896 1335 1920 '

206 1988 713 2081 dmrmtur‚ncouctouedowt
721 1982 839 2080 debere,
847 1994 904 2079 qni
916 1985 1059 2080 asenam,
1067 1986 1210 2081 usmaro
1221 2000 1247 2060 :²
1376 2050 1383 2057 .

206 2087 458 2163 Demosthenes
474 2102 611 2159 curator
625 2090 732 2159 muris
747 2085 938 2159 reficiendis
947 2088 1022 2174 fuit,
1038 2114 1168 2187 eosque
1185 2117 1236 2161 re

115 2228 116 2239 ¹
205 2192 290 2265 fecit
304 2192 450 2290 pecunia
464 2188 527 2261 lue
554 2190 596 2260 de
618 2190 686 2261 hoc
708 2191 814 2283 igitur
827 2187 987 2287 Ctesipho
1001 2192 1121 2262 lcitum
1143 2190 1236 2279 fecit,

206 2294 311 2367 nullis
330 2292 376 2382 ,ab
397 2290 469 2390 ipso
493 2290 680 2369 rationibus
695 2292 825 2377 relatis,
850 2305 889 2361 vt
909 2317 1038 2364 corona
1060 2320 1160 2365 uinea
1176 2294 1237 2367 do·

114 2469 115 2474 ,
206 2411 365 2471 naretur:
386 2419 496 2494 eaque
509 2394 646 2467 donatio
661 2390 977 2482 fieretintheatro,
1006 2396 1139 2494 populo
1155 2423 1237 2470 con-

206 2515 354 2586 uocato,
382 2500 442 2596 qui
455 2497 551 2570 locus
568 2523 640 2568 non
658 2492 704 2567 est
719 2498 897 2568 concionis
913 2498 1101 2590 legitimae:
1132 2515 1237 2597 atquc

114 2641 116 2688 ς
206 2605 256 2674 ite
269 2599 535 2700 praedicaretur,
558 2601 752 2683 euridanus·
765 2607 893 2691 uirtutis
909 2624 981 2699 ergo
998 2599 1237 2672 beneuolentiae·

114 2693 115 2706 ’
209 2729 279 2798 que,
296 2727 389 2796 qoam
399 2725 470 2801 erga
480 2701 628 2796 populum
643 2699 849 2794 Atheniensem
863 2701 1001 2777 lateret.
1023 2701 1118 2772 hunc
1132 2703 1237 2795 igitur

210 2801 470 2903 Ctesiphontem
498 2804 533 2872 in
544 2801 730 2874 iudicium.
747 2802 883 2874 adduxit
901 2783 1104 2891 ileschines,
1142 2802 1239 2902 'quod
1370 2791 1373 2800 ¹

114 2957 116 2988 ,
209 2923 331 2980 contra
345 2905 438 2998 leges
454 2899 644 3002 scripfill'et,
666 2920 703 2974 vt
717 2919 753 2975 et
766 2905 953 2978 rationibus
969 2932 1041 2978 non
1055 2906 1167 2976 relatis
1182 2931 1240 2976 co

210 3036 297 3086 rona
310 3007 514 3092 donaretur3
551 3021 587 3076 et
607 3021 644 3075 vt
659 3008 692 3076 in
708 3007 862 3092 theatm3
895 3024 931 3078 et
946 3007 1040 3105 quod
1055 3007 1097 3078 de
1111 3010 1239 3078 virtute

211 3115 285 3184 eius
308 3126 345 3180 et
368 3106 610 3181 beneuolentia
630 3103 707 3178 falsa
720 3103 910 3206 scriplillet,
935 3111 1098 3207 quoniam
1112 3111 1240 3180 Demo·
1377 3120 1380 3130 “

213 3211 349 3284 sthenes
371 3235 436 3280 nec
451 3207 626 3282 virbonus
641 3203 738 3294 ellet,
761 3235 826 3280 nec
839 3209 928 3282 bene
943 3215 1084 3282 meritus
1100 3211 1143 3283 de
1157 3213 1238 3283 ciui-

213 3331 292 3391 tate.
345 3310 448 3384 causa
461 3308 530 3408 ipso
543 3309 705 3382 abhorret
718 3310 774 3380 illa
796 3311 935 3408 quidem
950 3339 970 3382 a
990 3313 1138 3384 formula
1158 3339 1241 3396 con·

215 3415 401 3488 suetudinis
424 3411 571 3498 nostrae,
600 3411 656 3483 sed
677 3407 723 3481 est
744 3437 875 3505 magne„
912 3411 1018 3485 hehet
1031 3418 1124 3486 emm
1146 3414 1240 3486 etle-

214 3544 300 3611 gnm
320 3517 644 3612 interpretationem
666 3511 741 3582 satis
767 3530 902 3586 acutam
916 3517 952 3586 in
968 3531 1147 3614 utramque
1167 3541 1240 3613 par·
1285 3523 1290 3544 '

213 3635 304 3706 tem,
333 3631 370 3689 et
385 3619 587 3687 meritorum
604 3617 640 3686 in
654 3615 901 3713 rempublicam
923 3621 1185 3690 contentionem
1198 3616 1244 3688 sa·

114 3739 115 3744 ’
215 3747 260 3794 ne
274 3743 426 3814 grauem.
450 3716 566 3814 itaque
589 3713 684 3792 causo
704 3715 769 3806 fuit
790 3718 962 3806 Aeschini,
986 3719 1155 3818 quoniam
1172 3717 1244 3817 ipse

215 3816 482 3894 aDemollhene
497 3813 580 3890 ellet
595 3819 712 3916 capitis
729 3819 911 3908 accusatus,
926 3821 1021 3919 quod
1037 3821 1245 3914 legationem
1297 3894 1299 3903 ,

216 3927 404 3996 ementitus
430 3915 533 4007 ellet,
554 3935 593 3990 vt
611 3919 791 3994 vlcilcendi
809 3925 939 3994 inimici
959 3922 1071 4014 ceula,
1096 3923 1244 3993 nomine
1267 3972 1276 3988 ,

216 4026 468 4129 Ctefiphontis,
500 4021 664 4096 iudicium
682 4017 786 4100 -fieret
808 4022 852 4096 de
872 4019 986 4110 latiis,
1006 4024 1163 4122 fatuaque
1178 4029 1246 4096 De·
1277 4102 1281 4119 ‚

1102 4123 1248 4198 mosthe-
