3100 4800
461 392 472 462 ῐ
548 385 912 511 venerario.
1041 385 1047 391 “
1140 377 1244 494 mm

197 591 336 680 exstant,
356 595 670 696 interpretationes
686 597 809 679 latinae
821 611 943 696 pamm
958 625 976 668 a
990 591 1082 677 fama
1101 597 1239 698 publica

195 697 406 795 probentur.
422 703 629 790 -Ego‘enim
646 702 704 800 qui
719 725 895 797 nunquam
912 727 966 771 eas
984 725 1046 798 per
1062 727 1119 772 me
1133 699 1237 772 nosci·
1347 773 1349 790 ,

196 817 270 870 tare
286 816 398 898 atque
413 800 591 873 aestimare
613 803 819 886 tumuerim,
843 827 956 897 neque
978 803 1153 888 damnare,
1178 827 1235 873 ne·

197 927 269 999 que
276 901 461 973 absoluere
475 899 592 976 aufim.
615 901 821 974 SedMiniati
838 899 1037 990 versionem,
1050 930 1132 975 ame
1148 929 1237 975 nun·
1301 954 1304 970 .

201 1029 305 1100 quam
329 1000 540 1099 inspestam,
574 1031 595 1074 a
615 1007 697 1074 viris
716 1001 823 1074 dofiis
851 1004 1001 1076 damnari
1022 1005 1130 1077 video.
1177 1009 1232 1076 De

203 1103 316 1200 Lydae
329 1110 527 1204 interprete
541 1132 606 1177 ran
620 1104 681 1176 der
693 1105 817 1177 Heidio
827 1109 987 1204 -queritur
1000 1107 1140 1204 Taylor‚
1164 1133 1230 1200 ego

204 1206 692 1306 rursnsdeTayioroqueror3
717 1209 815 1278 cuius
831 1209 1150 1308 interpretationem
1161 1209 1230 1278 lati·
1294 1207 1298 1236 ¹

199 1335 278 1380 uam
287 1307 420 1404 Lyhae,
432 1335 527 1380 nunc
535 1307 767 1406 famapublica
780 1323 816 1380 et
823 1313 927 1402 gratia
941 1312 1102 1382 nouitatis
1110 1309 1231 1381 fioren-

199 1426 273 1482 tem
280 1414 415 1482 vtinam
424 1412 473 1482 ita
488 1407 624 1481 noiient
634 1435 772 1497 omnes,
799 1409 926 1510 vfuque
941 1411 999 1483 suo
1016 1413 1062 1484 ita
1076 1437 1231 1510 comper·

198 1529 278 1584 tum
291 1512 475 1594 haberent,
497 1526 601 1610 atque
616 1538 682 1607 ego
696 1537 776 1584 meo
792 1511 913 1600 habeo,
937 1540 1038 1610 quam
1053 1511 1094 1584 fit
1109 1539 1231 1612 parum

198 1616 322 1702 latina,
342 1610 541 1711 faepiiiime
557 1611 763 1684 asententiis
787 1611 903 1710 Lysiae
933 1615 1135 1701 abhorrens,
1162 1614 1231 1714 ipsa
1252 1637 1254 1645 ⁴

199 1720 503 1810 graecaoratione,
519 1741 606 1812 quae
621 1715 882 1786 obbreuitatem
896 1713 1078 1815 saepiffime
1092 1715 1138 1788 est
1146 1717 1230 1788 mui-
1275 1795 1287 1818 Ι
1397 1691 1402 1702 ’

197 1837 237 1896 to
252 1814 478 1902 obscuriffia„
493 1814 685 1902 obscurior,
713 1815 900 1904 illiberalis,
924 1835 960 1889 et
981 1817 1118 1916 prorsus
1142 1822 1231 1889 into·

198 1919 357 1994 leubilis.
403 1921 563 1990 Tertiam
587 1917 670 1990 adde
693 1916 842 2004 causam,
871 1921 952 1990 iuris
974 1923 1076 1991 Attici
1099 1923 1232 2012 ignora·
1289 1951 1315 1979 ν
1389 1935 1391 1949 “

197 2025 345 2095 tionem.
396 2020 502 2117 Quod
524 2024 576 2090 ius
598 2018 728 2115 tametfi
752 2019 831 2090 fons
851 2019 897 2090 est
918 2024 1078 2108 Romani,
1100 2025 1136 2091 in
1157 2046 1229 2118 quo
1253 2072 1296 2111 η

202 2126 276 2194 iure
285 2127 444 2194 Romano
464 2121 674 2192 enucleando
685 2136 739 2190 tot
755 2119 940 2194 laborarint
954 2119 1063 2194 nostra
1080 2137 1230 2222 patrume

203 2251 273 2321 que
288 2228 455 2295 memoria
471 2225 534 2294 viri
546 2219 828 2322 praestantissimi,
848 2237 962 2296 tamen
984 2240 1120 2322 praeter
1142 2225 1230 2296 Peti-

199 2345 276 2398 tum
303 2345 342 2397 et
366 2323 555 2411 Valefium,
600 2337 636 2396 et
664 2322 843 2396 nouiffime
871 2327 1079 2421 Taylorum,
1124 2342 1228 2425 atque

197 2433 488 2527 Hauptmannum
506 2422 620 2499 *fere
643 2452 746 2498 nemo
763 2426 845 2513 fuit,
869 2430 928 2525 qui
949 2430 1029 2503 huic
1048 2433 1162 2500 Attico
1183 2427 1229 2498 f·
1261 2471 1264 2479 ·

198 2558 273 2603 cem
288 2530 478 2603 admouere
494 2524 674 2602 iiuduifiet.
716 2568 765 2585 ·-
798 2530 964 2600 ·Sedillue
987 2530 1109 2618 redeo,
1137 2529 1242 2600 vnde·
1295 2587 1298 2593 ,

198 2630 412 2704 excesseram.
460 2635 633 2701 Henricus
649 2634 772 2729 itaque
792 2632 983 2727 Stephanus
1005 2636 1042 2703 in
1065 2632 1229 2703 recuden-

199 2737 241 2805 do
254 2735 381 2805 Aldine
396 2758 564 2830 corpore,
588 2733 631 2803 de
645 2758 715 2830 quo
731 2754 824 2830 nunc
848 2736 974 2824 agitur,
1003 2738 1129 2805 maiore
1152 2732 1227 2805 vsus

198 2834 242 2906 est
255 2834 326 2910 fide
339 2852 446 2933 atque
460 2834 644 2927 religione,
667 2826 769 2931 quam
784 2834 878 2904 Wolf
898 2840 933 2905 in
955 2834 1127 2906 Aeschine.
1175 2840 1226 2905 Iu·
1350 2872 1355 2877 ·

196 2954 252 3009 uat
267 2966 288 3015 e
302 2938 472 3035 Stephani
485 2933 696 3034 praefatione
713 2934 754 3005 ad
775 2934 874 3007 suum
900 2953 1075 3007 oratorum
1098 2960 1224 3033 corpus
1292 3001 1297 3009 ,

196 3041 291 3112 locos
305 3040 498 3111 nonnullos
513 3039 585 3108 huc
605 3036 768 3109 facientes
789 3053 956 3135 repetere.
1006 3036 1179 3137 Fortaffis,
1201 3036 1225 3109 ii

195 3144 291 3215 locus
316 3144 466 3238 putitiu,
496 3155 626 3221 totam,
650 3164 715 3207 voa
733 3162 814 3209 curn
830 3138 906 3209 Aidi
931 3136 1158 3237 praefatione,
1189 3142 1225 3211 iu

198 3244 331 3315 fecundi
353 3243 539 3313 voluminis
562 3240 654 3310 calce
677 3240 868 3311 reddemus.
916 3245 954 3311 In
977 3240 1142 3313 Aeschine
1163 3248 1228 3337 Ly·

200 3344 309 3443 hrque
326 3346 524 3441 Stephanus
546 3369 566 3411 a
594 3340 691 3411 codd.
717 3338 807 3411 mstis
828 3342 981 3413 adiutum
1005 3342 1036 3413 se
1063 3346 1109 3413 ait
1134 3345 1224 3414 haud
1310 3337 1315 3353 ’

198 3472 300 3543 pauca
319 3440 531 3530 emendasse,
553 3446 803 3539 ingentemque
824 3442 908 3537 edeo
941 3443 1225 3541 lacunam-quae

736 3544 808 3637 b4
1029 3583 1035 3597 ¹
1083 3548 1223 3631 Aldinae
1327 3628 1330 3635 ,

231 3727 252 3764 *
271 3730 356 3790 cuius
380 3723 498 3788 multae
518 3744 608 3809 penes
627 3742 675 3782 me
695 3719 774 3796 fimt,
796 3721 887 3805 ,ipfim
909 3725 1064 3800 beneficio,
1093 3722 1223 3801 schedae,

163 3800 173 3815 ’
268 3810 304 3871 ad
316 3808 523 3881 Andocidem,
545 3808 611 3865 Ami
631 3806 768 3877 honrem,
791 3804 929 3883 Gorgiam
944 3802 1145 3876 commedere
1160 3828 1224 3890 per.

263 3898 406 3966 tinenter,
428 3892 531 3950 Gerae
547 3888 598 3967 qui
619 3906 665 3945 em
687 3887 762 3967 typis
782 3887 917 3961 extulit,
944 3885 992 3945 fed
1007 3887 1099 3946 samm
1114 3888 1225 3949 chama.
1291 3933 1296 3939 .

261 3996 326 4035 mm
339 3967 519 4035 hnimmodi
536 3966 615 4050 ipsae
630 3986 747 4047 quoque
762 3984 907 4047 expertae.
946 3972 1108 4029 Paucorum
1121 3975 1224 4050 iuma-

263 4076 316 4118 mu
329 4056 438 4117 venire
455 4048 572 4127 soient,
591 4066 623 4112 et
634 4050 695 4111 tito
711 4046 866 4130 disparere.
1148 4058 1150 4063 ·
