3100 4800
562 339 942 439 rna-erario.
1008 411 1023 428 ,
1203 349 1275 422 nx

168 495 182 518 Ν
226 527 297 596 Cur
312 523 405 598 enim
421 521 516 593 haec
532 520 602 594 sola
617 516 786 606 omissffet,
810 525 870 619 qui
883 521 1015 620 reliqua
1030 522 1132 596 huius
1147 523 1274 602 farinae
1427 557 1434 570 ·

223 625 393 723 opuscula
405 623 586 694 reddidit?
627 626 661 692 P.
678 646 712 714 7.
737 622 878 694 demum
895 629 1050 720 corporis
1065 627 1178 698 Aldini
1193 633 1273 720 inci·

222 731 279 826 pit
296 728 410 796 oratio
426 728 467 796 in
480 725 728 809 Timarchum,
754 724 946 821 procedens
961 725 1002 824 ad
1015 751 1049 825 p.
1060 749 1116 822 30.
1133 731 1213 800 inde
1230 733 1271 804 ad

222 853 263 927 p.
282 852 342 919 52.
366 827 502 920 legitur
517 828 628 898 oratio
645 826 687 896 de
698 825 776 898 falla
790 825 969 918 legatione.
995 831 1143 900 incuiur
1156 847 1271 906 etora-

220 932 333 1001 tionis
349 945 389 999 et
404 932 552 1025 paginae
568 931 662 1000 exitu
675 927 800 1020 legitur
818 929 1059 1022 fragmentum,
1083 931 1194 1004 nescio
1211 959 1269 1006 cu·

226 1035 284 1103 ius
312 1032 527 1124 grammatici
544 1027 831 1100 'annotatiuncula
858 1054 878 1100 a
904 1027 1029 1102 Wolfio
1064 1048 1100 1104 et
1127 1035 1294 1132 Stepha·'

229 1159 299 1219 aro,
319 1131 469 1229 ipsoque
491 1131 577 1202 adeo
598 1135 635 1201 T
635 1129 769 1226 ayloro,
792 1133 989 1227 praeterita,
1015 1158 1034 1203 a
1056 1157 1114 1206 me
1136 1137 1267 1210 reddita

222 1259 260 1333 p.
277 1255 357 1324 353.
376 1257 479 1305 meae
495 1232 663 1306 editionis.
686 1237 717 1300 Α
742 1257 776 1328 p.
793 1253 843 1322 53.
861 1231 1019 1304 editionis
1038 1235 1178 1308 Aldinae
1194 1238 1267 1311 orla

219 1337 339 1408 oratio
353 1337 394 1404 in
409 1332 670 1433 Cteliphontem
682 1335 856 1432 procurrit
871 1335 1031 1433 usquead
1044 1361 1079 1432 p.
1098 1351 1147 1428 85.
1173 1344 1213 1410 Α.
1228 1365 1266 1440 Ρ.

221 1445 289 1526 86.
305 1435 482 1534 incipiunt
499 1437 671 1508 orationes
684 1431 800 1530 Lysiae
821 1433 983 1532 usquead
1004 1461 1037 1533 Ρ.
1054 1457 1125 1530 177.
1149 1465 1266 1530 ercurs
1408 1429 1410 1438 '

217 1553 357 1611 rentes.
407 1537 552 1622 Eadem,
578 1561 679 1634 quam
697 1537 802 1608 modo
819 1534 901 1622 dixi,
926 1541 1046 1632 pagina
1066 1542 1189 1639 incipit
1208 1543 1267 1618 Al-

215 1640 431 1712 cidamanfis
453 1631 609 1717 idoneis
629 1633 730 1717 turri
750 1630 991 1738 assimiles,
1014 1633 1207 1742 verdariae
1226 1669 1264 1742 p.

219 1756 304 1829 180
319 1743 452 1834 legitur
463 1738 671 1812 Antisthenis
686 1744 784 1826 Aina,
807 1765 842 1837 p.
866 1751 924 1824 181.
948 1742 1100 1814 eiusdem
1124 1741 1265 1839 Vlylles,

218 1869 261 1942 p.
285 1858 368 1934 184·
389 1843 562 1914 Demades
584 1837 663 1944 excel
686 1843 751 1930 riis
773 1834 1015 1920 dodrtrrrra'ors·
1041 1868 1076 1940 Ρ.
1092 1855 1155 1935 185.
1171 1845 1265 1923 deni·
1321 1859 1331 1882 “

217 1971 299 2044 que
310 1929 425 2040 redae
439 1944 480 2015 ad
497 1969 530 2043 p.
550 1962 621 2035 197.
643 1969 731 2041 quae
744 1945 850 2040 primi
870 1943 972 2014 huius
988 1945 1101 2016 Aldini
1121 1945 1264 2028 volumi·
1409 2001 1414 2013 .

132 2112 133 2115 ,
218 2045 498 2129 nisestvltima,
521 2045 645 2140 legitur
666 2047 735 2116 vita
755 2039 872 2140 Lydae
894 2043 1092 2140 aDionylio
1113 2048 1264 2122 Halicar-
1371 2059 1376 2064 “

222 2144 348 2221 malleo
363 2145 563 2243 conscripta
612 2148 808 2218 Secundum
823 2145 986 2218 volumen
999 2145 1161 2220 Aldinum
1178 2151 1264 2224 haee

220 2249 338 2323 habet
361 2249 590 2338 1)Andocidis
608 2262 756 2346 quatuor
769 2250 949 2322 orationes.
982 2229 1119 2340 altirei
1133 2251 1264 2330 decem.

220 2359 257 2450 3)
284 2351 454 2423 Dinarchi
469 2367 549 2423 tres.
597 2356 637 2441 '4)
654 2349 877 2447 Antiphontis
892 2349 1098 2449 qaindecim.
1150 2359 1183 2445 5)
1199 2360 1264 2451 Ly·

122 2461 124 2493 '
220 2458 458 2547 curgirnam
495 2460 532 2541 6)
559 2452 708 2548 Gorgiae
720 2478 823 2523 vnam
838 2476 903 2548 pro
918 2452 1102 2525 Palamede.
1135 2461 1175 2551 7)
1189 2458 1264 2531 Lei·

219 2557 386 2629 boantis
403 2554 499 2628 duas.
548 2560 583 2644 8)
610 2555 760 2630 Herodis
784 2578 901 2639 vnam,
931 2557 969 2625 in
991 2580 1059 2653 qua
1080 2554 1156 2627 finit
1176 2559 1281 2643 haec,

219 2674 407 2731 oratorum
419 2678 622 2749 graecorum
635 2654 754 2727 Aldina
777 2651 935 2726 colleffio
948 2679 982 2751 Ρ.
999 2664 1060 2729 161.
1084 2684 1186 2754 quam
1211 2671 1277 2741 te,

224 2752 339 2846 ecidit,
363 2771 407 2828 vt
426 2753 626 2854 paulopost
646 2756 801 2854 pluribus
825 2756 974 2842 dicetur,
1003 2761 1176 2831 Hernicus
1190 2765 1262 2833 Ste

222 2864 372 2962 pharius,
398 2860 519 2931 ordine
533 2858 877 2955 paulumimmutato‚
904 2874 939 2929 et
955 2860 1147 2943 immemor,
1165 2887 1260 2959 prae·
1334 2927 1338 2935 ,

222 2968 277 3037 te'r
298 2964 389 3035 hanc
412 2956 654 3032 colleffionem
675 2974 852 3031 oratorum
882 2983 1083 3051 graecorum
1108 2960 1149 3033 ab
1171 2964 1258 3045 Aldo

142 3094 145 3157 j
225 3082 396 3149 mntem,
420 3064 536 3135 adhuc
552 3057 619 3133 elle
635 3044 749 3149 allam,
775 3058 847 3133 fin'e
864 3060 1000 3157 quailla
1022 3058 1190 3160 superior,
1215 3060 1259 3141 de'
1383 3136 1386 3143 ,

144 3166 152 3284 l
228 3196 292 3268 qua
310 3166 426 3238 adhuc
448 3166 616 3249 diximus,
641 3158 847 3260 imperfedla'
866 3158 913 3233 est
945 3161 1108 3235 habenda.
1171 3158 1274 3241 Sunt⁸

227 3274 311 3342 enim
328 3273 364 3341 in
382 3270 452 3339 hac
466 3264 618 3338 secunda
633 3262 1012 3355 collellionenonnulla
1027 3264 1188 3362 opuscula
1203 3295 1258 3345 en
1394 3307 1403 3315 ·

228 3372 359 3445 tandem
375 3366 584 3454 studiorum,
607 3394 694 3465 quos
712 3371 822 3464 prima
837 3359 993 3437 collefflo
1009 3365 1259 3465 complestitur,
1356 3366 1362 3401 ¹

224 3480 340 3575 primae
353 3472 568 3553 deficiente,
592 3485 629 3540 et
643 3470 725 3539 hinc
738 3466 943 3566 supplenda,
966 3465 1032 3537 scil.
1050 3469 1257 3545 Alcidaman·

222 3584 257 3657 tis
268 3584 372 3655 oratio
384 3580 425 3650 in
442 3566 647 3670 Sophistas,
668 3585 704 3641 et
717 3571 867 3663 Gorgiae
882 3570 1081 3641 encomium
1092 3570 1258 3659 Helenae,

214 3663 411 3787 prneAldus
429 3677 571 3751 eodem
587 3680 616 3741 A
632 3692 711 3766 ¹5¹3·
727 3698 794 3744 vna
809 3696 890 3743 cum
906 3670 1049 3743 Isocrate
1070 3671 1130 3743 suo
1153 3672 1258 3747 edidit

143 3851 144 3854 ,
207 3816 231 3869 r.
247 3790 379 3867 Fabric.
394 3787 435 3857 P.
455 3782 511 3856 G.
526 3782 574 3853 T.
582 3779 663 3847 lllll.
677 3800 712 3871 p.
729 3782 811 3847 606.
840 3778 884 3843 H.
893 3773 1086 3868 Stephanus
1104 3798 1175 3845 non
1187 3790 1258 3858 tam

121 3897 135 4057 J
203 3895 328 3973 confilio
350 3918 398 3965 ea
427 3884 482 3958 ab
511 3876 682 3955 editione
695 3875 762 4049 sul,
776 3867 932 3961 exclusit,
960 3898 1066 3971 quarn,
1083 3875 1257 3971 ignorans,

140 3977 144 3986 “
788 3993 812 4053 2
1165 3978 1258 4051 edita
1289 4026 1294 4038 =
