3100 4800
155 386 157 393 ,
212 375 214 378 <
268 347 336 441 ¹xx
400 365 403 371 ,
455 348 485 423 ι.
532 347 651 420 aa.
702 349 770 419 ao
816 349 1132 462 acroamata

284 532 375 605 edita
390 525 431 601 ab
444 528 536 599 aldo
553 523 638 614 elle,
664 523 853 606 transmillt,
902 534 1119 628 Quamquam
1142 529 1243 622 audio
1266 543 1329 599 66·-

286 634 366 731 dem
382 630 559 730 opuscula,
583 655 671 726 quae
685 629 790 701 Aldus
807 655 888 702 curn
911 631 970 702 suo
987 631 1130 702 Isocrate
1153 631 1277 715 edidit,
1301 655 1327 700 a

287 735 463 832 Stephano
478 758 544 803 vna
560 755 641 801 cnm
660 728 762 828 ipfius
784 729 927 806 Isocrate
949 733 1078 804 reddita
1097 727 1173 804 elle
1242 734 1325 824 Ego

287 861 390 921 vcro,
415 860 496 906 cum
511 833 592 904 illuc
607 829 789 930 aliquando
806 857 1017 932 peruenere,
1043 833 1065 904 fi
1081 842 1144 932 per
1160 829 1326 904 16111166-

290 937 354 1024 bit,
376 935 446 1008 duo
460 935 531 1020 illa,
554 935 704 1028 Gorgiae
719 934 882 1020 alterum,
907 936 1052 1007 alterum
1067 933 1323 1019 Alcidamantis,

290 1037 455 1138 opuscula
473 1036 553 1107 loco
573 1033 633 1107 suo
653 1034 801 1108 reddam.
852 1037 983 1124 Codex,
1007 1037 1099 1108 vnde
1123 1035 1227 1108 Aldus
1252 1035 1321 1106 hos

244 1223 252 1237 .
289 1157 445 1215 oratores
458 1136 578 1223 edidit,
601 1140 639 1208 in
655 1138 885 1210 monte-Atho
907 1166 927 1210 a
940 1136 1160 1212 Constantino
1184 1136 1325 1209 Lalcare

236 1242 239 1253 ’
290 1257 467 1341 repertus,
490 1239 583 1311 illinc
600 1238 808 1312 Florentiam
824 1239 974 1338 perlatus
990 1237 1052 1327 est,
1073 1239 1131 1312 vbi
1152 1239 1262 1312 adhuc
1279 1240 1320 1311 in

292 1370 376 1440 gaza
395 1345 515 1436 Magni
536 1343 641 1412 Ducis
664 1335 859 1416 alleruattu.
888 1369 922 1416 v.
937 1342 1076 1414 Bandini
1102 1341 1203 1414 Catal.
1220 1341 1341 1414 MSS:

204 1524 208 1531 ,
294 1445 380 1520 111111.
398 1443 492 1520 Flor.
513 1447 557 1514 T.
580 1447 617 1514 ΙΙ.
638 1442 704 1513 661.
724 1447 797 1538 336.
824 1442 943 1518 Aldina
967 1444 1052 1517 haec
1075 1441 1180 1514 editio
1202 1441 1318 1538 nitidis

288 1549 422 1622 chartis
437 1547 608 1644 typisque,
632 1544 749 1642 quales
764 1543 878 1616 Aldini
892 1543 986 1632 sunt,
1009 1545 1129 1618 excusa
1142 1542 1197 1622 ell.
1239 1548 1326 1614 Duo

295 1638 371 1723 ¹eins
391 1647 460 1720 vidi
483 1644 695 1743 exemplaria
743 1645 917 1732 Alterum,
951 1640 1047 1745 quod
1074 1674 1097 1719 e
1115 1645 1329 1719 bibliotheca

236 1823 239 1828 ,
293 1749 433 1826 Paulina
453 1744 611 1848 Liphensr
640 1760 774 1818 mutuo
790 1761 973 1847 acceptum
996 1749 1107 1848 ‘penes
1137 1773 1194 1820 me
1215 1745 1327 1834 seruo,

238 1867 245 1886 ‘
295 1869 334 1927 et
349 1851 507 1934 1611111116,
527 1851 639 1922 donec
656 1847 761 1920 editio
777 1874 854 1922 mea
863 1865 1039 1922 oratorum
1050 1853 1259 1922 Graecorum
1269 1846 1329 1918 ab·

294 1953 405 2030 solnta
419 1951 531 2025 fuerit
554 1951 700 2022 alterum
714 1955 793 2022 lena
806 1951 847 2024 ad
863 1977 920 2023 1116
934 1947 1068 2024 millum
1083 1951 1150 2022 fuit
1172 1949 1328 2022 ebiblio·

295 2059 398 2130 theca
411 2048 801 2154 vniuerfitatislcnenlis.
851 2055 965 2126 Huius
988 2053 1187 2151 exemplaris
1214 2050 1326 2124 oculis

269 2160 272 2181 ⁸
292 2156 476 2256 usurpandi
490 2151 689 2226 desiderium
705 2154 792 2224 mihi
814 2157 976 2226 iniecerat
994 2151 1043 2227 Io.
1064 2153 1178 2227 Gotfr.
1190 2158 1326 2252 Haupt-

207 2309 210 2317 ,
288 2282 418 2343 mann,
441 2255 657 2348 Theologiae
669 2250 818 2343 Dotlor,
843 2273 879 2328 et
893 2258 1064 2330 Ruthenei
1085 2281 1104 2327 a
1129 2255 1176 2328 ud
1196 2255 1326 2326 Geram

297 2354 473 2445 Diretlor,
491 2360 543 2429 vir
567 2359 702 2452 egregie
727 2381 848 2451 graece
867 2359 1040 2463 latineque
1055 2281 1194 2444 dodras,
1219 2381 1329 2456 quem

297 2463 567 2536 commentarios
589 2463 626 2531 in
652 2474 806 2531 emtores
830 2486 969 2554 graecos
995 2488 1014 2533 a
1036 2460 1068 2533 fe
1093 2455 1268 2532 conlellos
1288 2461 1330 2531 111

298 2564 428 2639 schedis
445 2562 591 2644 habere,
612 2586 692 2633 cum
706 2560 748 2633 ab
762 2564 873 2634 amico
896 2558 1145 2650 intellexillem,
1170 2581 1232 2661 per
1251 2560 1329 2631 lite-

123 2750 129 2757 ,
228 2712 234 2727 ·
299 2687 353 2742 tas
368 2692 450 2738 eum
462 2662 631 2735 haedere
646 2663 863 2762 compellaui.
890 2664 1092 2763 Respondit,
1115 2662 1176 2735 fibi
1189 2676 1330 2762 paratos

200 2799 203 2804 ¹
299 2766 473 2841 eiusmodi
493 2768 758 2837 commentarios
781 2764 875 2837 domi
898 2762 979 2854 elle,
1004 2767 1190 2838 editionem
1215 2764 1332 2861 exspe»

299 2866 448 2955 stantes,
472 2862 540 2939 elle
554 2891 696 2963 quoque
711 2866 827 2939 secum
842 2868 977 2939 schedas
992 2862 1213 2967 Antiphontis
1229 2890 1335 2937 excu-

298 2974 348 3046 sas
363 2974 473 3069 typis,
493 2971 630 3039 initium
646 2966 822 3055 editionis,
847 2990 950 3067 quarn
966 2971 1049 3042 olim
1066 2994 1183 3068 parare
1203 2966 1337 3065 coepis-

299 3076 349 3149 set
360 3069 579 3169 Theophilus
598 3069 742 3165 Sighied
762 3076 928 3165 Beyerus,
951 3071 1006 3144 led
1030 3072 1122 3143 illam
1139 3070 1335 3142 editionem

296 3176 502 3268 migratione
515 3174 632 3265 Bayeri
654 3173 853 3268 Petropolin
874 3169 941 3245 elle
955 3177 1201 3271 interruptam,
1224 3188 1260 3242 et
1280 3198 1329 3242 ex

192 3333 197 3343 .
298 3279 360 3356 illo
374 3295 532 3371 tempore
545 3267 689 3343 iacuill'e.
738 3278 887 3369 Lycurgi
902 3276 960 3347 abs
977 3275 1009 3347 se
1026 3274 1106 3347 editi
1115 3272 1250 3347 aduersa
1261 3272 1336 3345 sor·

299 3396 337 3452 te
353 3377 385 3449 se
400 3374 610 3450 absterritum
628 3370 741 3459 1111116,
770 3402 841 3473 quo
866 3381 980 3449 minus
1001 3377 1142 3450 vlten'us
1165 3373 1338 3475 procede·

300 3498 366 3554 ret.
415 3481 522 3550 Mitto
536 3475 677 3576 reliqna,
691 3502 799 3548 vnum
813 3480 881 3550 hoc
898 3504 969 3551 non
985 3476 1120 3577 polium
1134 3478 1335 3577 praeterire,

237 3613 240 3617 ·
300 3582 395 3683 quod
427 3580 469 3651 ad
489 3577 677 3651 faciendam
700 3584 992 3677 Hauptmanniani
1017 3598 1161 3653 conatus
1182 3582 1336 3651 mentio-

301 3710 383 3757 nem
409 3706 477 3753 me-
492 3679 673 3751 deserebat
722 3680 878 3754 Docebat
899 3710 1026 3782 nempe
1044 3710 1101 3755 me
1116 3688 1337 3779 Hauptman-

174 3788 179 3798 '
301 3811 383 3872 nus,
410 3790 450 3861 V.
465 3789 499 3855 C.
522 3777 600 3875 ellel
612 3784 649 3852 in
663 3781 873 3856 bibliotheca
892 3784 1020 3858 lenensi
1044 3783 1240 3884 exemplum
1256 3808 1334 3855 ora-

299 3904 420 3961 torum
434 3882 636 3959 llldinorum
652 3884 787 3985 plenius
801 3884 860 3970 illo
874 3884 1031 3989 Lipfienfi
1048 3886 1207 3963 Paulino·
1218 3884 1333 3986 Sulpi·

373 4020 383 4040 ·
1192 3999 1196 4025 “
1243 4012 1331 4061 cans
