3100 4800
206 514 209 519 ,
299 407 401 502 nou
496 409 524 482 r.
571 409 597 490 r.
644 352 693 482 n¹
737 411 805 482 an
851 406 1198 482 insomnem-

305 589 446 666 Aldinae
461 592 498 664 in
513 593 669 664 oratione
683 589 800 687 Lyfiae
817 573 955 664 funebri
970 587 1146 676 insideret,
1171 587 1346 690 expleuis·

304 688 348 766 se.
399 690 455 765 Est
467 717 560 764 nunc
577 718 684 790 penes
692 717 774 784 me,
793 691 964 764 beneficio
979 691 1141 778 Askewii‚
1162 695 1201 762 V.
1217 698 1254 766 C.
1274 717 1349 764 vo·

227 850 234 874 ,
306 795 451 880 lumem
469 821 539 893 quo
555 795 685 890 Taylor
700 794 781 865 oiim
803 793 878 867 vsus
899 793 974 866 fuit.
1025 793 1198 867 Volumen
1219 793 1290 866 hoc
1312 819 1368 871 e.

165 964 168 975 ,
305 903 460 994 Corpore
473 897 678 994 Stephanico
693 889 859 982 euulsum,
881 895 1084 968 Aeschinem
1100 909 1197 966 tenet
1211 895 1346 982 solum,

303 1023 469 1098 unacum
490 997 714 1070 titulototius
738 999 851 1096 operis
875 1013 911 1070 et
934 995 1144 1097 praefatione
1157 998 1345 1095 Stephani.

304 1125 377 1198 quo
392 1099 436 1172 de
454 1099 629 1173 volumine
646 1097 865 1200 postmodum
880 1099 1035 1198 pluribus
1057 1099 1175 1170 dicam
1227 1099 1279 1169 Ad
1296 1099 1347 1170 il-

304 1200 378 1273 lurn
401 1204 518 1297 itaque
539 1201 642 1272 huius
665 1200 883 1298 praefationis
904 1202 1036 1286 locum,
1059 1200 1117 1272 vbi
1136 1201 1342 1297 Stephanus

303 1306 366 1390 ait,
387 1302 588 1375 Aeschinem
597 1299 799 1400 Lysiamque
815 1302 873 1374 ase
883 1299 973 1375 mstis
990 1329 1009 1374 e
1024 1301 1199 1376 codicibus
1216 1327 1344 1374 emen·

193 1402 199 1424 ¹
303 1403 400 1478 datos
415 1419 452 1475 et
463 1404 567 1478 sartos
582 1399 665 1490 esse,
687 1431 768 1476 cum
784 1403 942 1476 dominos
958 1430 1078 1477 eortrm
1093 1403 1267 1490 codicum,
1285 1403 1341 1478 se-

300 1497 381 1591 d'es,
400 1521 517 1592 notas,
537 1507 713 1579 internum
728 1510 895 1606 cuiusque
911 1505 1078 1592 valorem,
1102 1507 1256 1593 reticeat,
1272 1533 1342 1577 an·

303 1610 438 1682 notauit
453 1608 547 1694 haec,
569 1634 657 1706 quae
670 1608 799 1680 referre
815 1611 909 1680 iuuat
927 1606 1030 1706 ipsus
1045 1606 1167 1690 verbis,
1187 1607 1338 1702 Tayior,

302 1724 396 1794 tum,
419 1724 457 1778 vt
475 1711 625 1793 videtur,
646 1709 757 1782 adhuc
780 1713 925 1782 iuuenis.
975 1707 1127 1808 [Vtinam
1149 1711 1196 1779 ita
1215 1703 1338 1780 fuisset

303 1825 460 1909 apertus,
477 1828 516 1885 vt
530 1811 573 1885 ad
587 1809 684 1899 istos,
704 1837 793 1912 quos
808 1811 934 1894 laudat,
958 1811 1094 1882 codices
1118 1809 1261 1904 digitum
1278 1814 1337 1882 in-

302 1904 470 1988 tenderet
518 1915 584 1987 Sed
598 1914 676 2008 ¹hoc
699 1939 771 1986 non
795 1911 864 1985 fine
887 1908 1008 2004 insigni
1024 1927 1193 2010 nepotum
1211 1911 1335 1986 sraude

302 2018 449 2088 maiores
464 2012 736 2106 diffimulauere]
757 2015 822 2088 Sed
835 2013 933 2086 facile
949 2013 1030 2086 huic
1048 2013 1187 2111 quidem
1210 2039 1336 2112 quere-

303 2115 356 2188 lae
371 2131 580 2196 occurratur.
629 2113 767 2190 Constat
784 2119 877 2189 enim
891 2115 994 2190 hodie
1008 2117 1182 2214 Stephano
1198 2130 1273 2202 tum
1287 2115 1336 2190 ad

302 2243 425 2292 manus
446 2214 544 2290 fuisse
564 2219 720 2290 codicem
742 2219 859 2314 iilum,
885 2243 989 2315 quem
1009 2217 1140 2314 Taylor
1160 2217 1334 2316 coislinia-

303 2321 580 2421 numappeliat,
603 2335 639 2392 et
657 2345 765 2394 vnum
777 2337 880 2419 atque
903 2319 1048 2392 alterum
1071 2345 1111 2392 ex
1134 2318 1216 2407 illis,
1241 2345 1334 2421 quos

302 2422 434 2519 Taylor
447 2426 571 2514 Regios
588 2423 745 2522 appellat,
770 2428 830 2523 qui
847 2448 939 2496 nunc
955 2418 1081 2493 Parisiis
1098 2422 1133 2494 in
1150 2420 1337 2495 bibliothe-

303 2548 345 2598 ca
364 2526 465 2616 Regis
482 2520 741 2597 Christianiffimi
762 2520 990 2609 assemanum
1025 2550 1090 2623 nee
1108 2549 1179 2595 non
1193 2522 1335 2596 schedas

303 2628 449 2699 thrici
461 2630 662 2723 Scrimgeri,
684 2629 756 2699 ICti
770 2623 1076 2719 Heidelbergensrs,
1101 2628 1239 2697 natione
1252 2630 1338 2697 Sco-

302 2729 350 2813 ti,
381 2726 423 2799 ab
446 2727 538 2799 edito
563 2734 640 2801 Iure
661 2728 828 2805 Orientali
848 2728 923 2799 satis
946 2729 1029 2799 noti.
1085 2728 1235 2799 Schedae
1256 2728 1336 2815 hae,

303 2854 388 2929 quas
409 2830 541 2925 Tayior
561 2830 726 2929 nusquam
740 2832 874 2916 citauit,
900 2854 1107 2927 quamquam
1128 2828 1163 2899 in
1181 2829 1336 2903 editione

178 2956 206 3029 j
303 2932 374 3027 ipse
394 2930 451 3004 sua
467 2946 558 3005 totas
584 2928 783 3029 captumst,
808 2934 854 3031 (p.
868 2952 951 3027 723.
965 2936 1015 3004 T.
1029 2929 1080 3021 ΙΙ.)
1105 2933 1232 3005 cuiates
1255 2928 1339 3018 snt,

303 3032 394 3105 vnde
415 3029 549 3118 douae,
580 3034 672 3106 haud
693 3034 812 3133 liquet.
862 3058 990 3129 paucae
1018 3030 1095 3103 sunt
1117 3058 1262 3105 numero
1276 3058 1341 3104 an-

302 3135 560 3209 notatiunculae
573 3135 615 3206 ad
628 3139 803 3209 orationes
817 3132 988 3207 Aeschinis
1010 3134 1046 3207 in
1063 3132 1340 3235 Ctesiphontem,

305 3251 341 3309 et
364 3233 603 3308 Demosthenis
627 3260 692 3334 pro
713 3242 866 3321 Corona3
890 3234 1023 3329 farrago
1048 3262 1067 3307 e
1088 3234 1340 3333 suspicionibus

303 3340 368 3409 viri
381 3333 472 3408 doffi
482 3337 594 3410 nescio
610 3340 708 3410 cuius
724 3334 969 3411 etleffionibus
985 3334 1112 3407 codicis
1127 3336 1239 3411 nescio
1247 3341 1340 3411 item

304 3441 404 3515 cuius
421 3442 616 3512 commixta
638 3478 689 3495 ··-
706 3442 838 3532 Pergit
853 3464 958 3537 porro
973 3440 1165 3535 Stephanus
1185 3464 1343 3538 expone-

304 3567 359 3629 re,
387 3566 492 3638 quem
513 3537 683 3615 delestum
706 3538 894 3613 leffionum
923 3534 958 3612 in
980 3538 1146 3613 Aeschine
1167 3540 1342 3631 habuerit,

303 3644 399 3717 hunc
414 3658 517 3741 puta,
541 3657 579 3712 ut
593 3638 776 3716 sessionem
789 3642 963 3728 Aldinam,
988 3641 1045 3713 vbi
1060 3640 1125 3714 visa
1139 3636 1222 3713 esset
1249 3642 1342 3714 tole-

195 3798 202 3812 Χ
304 3745 439 3830 rabilis,
479 3747 632 3817 intexto
655 3744 823 3830 seruaret,
853 3742 1060 3815 variantibus
1084 3744 1120 3814 in
1145 3746 1341 3838 marginem
1371 3774 1373 3779 ·

304 3842 458 3933 rtieffis3
480 3846 558 3921 alias
583 3847 760 3920 meliorem
783 3840 967 3919 iestionem
991 3846 1025 3917 in
1048 3858 1144 3915 texto
1160 3842 1270 3921 statim
1285 3872 1344 3919 res

305 3946 550 4051 praesentaret,
572 3949 690 4023 vitiosa
710 3949 878 4039 Aldinain
896 3949 1085 4043 marginem
1098 3946 1342 4124 relegatgdcsum

464 4086 467 4093 ·
1129 4090 1132 4111 ·
1273 4074 1343 4123 cn·
