3100 4800
418 261 423 300 ,
1082 251 1085 258 .

351 335 466 448 idom
565 353 595 460 r.
644 354 671 427 r.
708 355 761 428 rc
811 355 886 426 ro·
928 347 1243 424 arscururu

354 528 473 606 x'illem
489 534 656 606 ineditum
668 536 706 606 ¹in
721 533 931 608 bibliotheca
945 527 1097 606 Leidenli
1113 525 1287 623 ellemari,
1313 535 1395 626 dedi

218 655 222 675 ²
354 635 458 736 super
479 638 544 707 hac
561 663 601 707 re
620 637 733 707 literas
754 636 797 708 ad
815 635 1111 732 Wyttebachium,
1142 635 1265 728 Leidae
1296 663 1394 710 nunc

313 755 316 764 '
351 737 749 825 commorantemsbi,
773 737 809 808 id
826 737 919 838 quod
936 736 1055 823 audio,
1074 735 1246 808 Plutarchi
1271 736 1392 812 libello

355 839 400 910 de
421 838 493 910 sert
518 833 668 912 numinis
694 833 841 911 vinditio
863 837 996 912 edendo
1019 838 1076 912 dat
1098 861 1248 936 operam.
1298 843 1394 913 Scili-

354 955 430 1028 cet,
448 957 530 1012 tum
546 941 702 1015 nondum
717 941 903 1032 incideram
924 943 959 1011 in
986 939 1089 1012 ulium
1112 937 1230 1012 locum
1255 937 1392 1016 scheda-

240 1085 244 1104 ι
354 1067 435 1114 rum
446 1043 608 1139 Teylori,
633 1042 691 1116 vbi
716 1043 883 1116 Meletam
909 1069 983 1114 eam
1005 1036 1071 1113 elle
1092 1040 1309 1114 Libanianam
1333 1045 1391 1117 ad-

354 1161 487 1232 monet,
512 1144 642 1216 dudum
658 1138 783 1216 editam
798 1149 833 1216 in
849 1145 981 1218 Libanii
998 1141 1169 1242 operibus,
1193 1149 1267 1217 Ti
1284 1169 1388 1244 p.r3r.

285 1315 289 1330 ,
353 1271 424 1348 qua
444 1245 627 1321 Aeschines
650 1260 735 1320 cum
755 1244 987 1319 Demosthene
1011 1243 1198 1316 confertur.
1233 1245 1267 1317 id
1290 1249 1390 1346 quod

353 1345 574 1448 postmodum
586 1349 846 1444 Wyttebachius
861 1373 1001 1447 quoque
1016 1373 1073 1420 me
1088 1347 1221 1436 docuit,
1248 1349 1388 1422 iuuenis

310 1528 316 1539 ¹
354 1447 494 1538 dusius,
518 1453 575 1521 cui
586 1447 769 1549 Epistolam
786 1453 938 1522 criticam
952 1449 1135 1536 debemus,
1158 1457 1281 1544 magna
1305 1475 1388 1550 pro·

355 1555 566 1639 mittentem,
593 1568 630 1625 et
644 1553 813 1625 lulianum
828 1551 1018 1651 aliquando,
1043 1566 1147 1649 atque
1161 1545 1386 1626 Plutarchum
1402 1620 1406 1633 ,

353 1653 617 1754 philosophum,
642 1669 680 1726 et
694 1653 807 1726 nescio
829 1681 871 1725 an
885 1651 1062 1750 Synefium
1083 1677 1224 1752 quoque
1245 1652 1387 1727 debebi-

352 1781 443 1828 mus.
492 1756 672 1829 libanium
687 1781 772 1850 ergo
789 1751 957 1853 cumipse
978 1769 1095 1826 totum
1117 1753 1297 1853 aliquando
1319 1753 1386 1830 lim

342 1857 431 1930 ‘satis
450 1854 637 1930 finentibus
662 1857 831 1945 editurus,
851 1859 963 1929 multo
984 1881 1087 1954 quam
1106 1857 1211 1950 vulgo
1238 1861 1385 1940 circum·

351 1957 482 2047 fertur,
522 1959 790 2032 emendatiorem
818 1973 923 2058 atque
956 1959 1238 2056 locupletiorem,
1273 1958 1383 2038 uisum

201 2099 205 2106 ¹
350 2059 458 2134 fuito
484 2060 640 2135 osculum
661 2053 746 2134 illud
766 2059 846 2133 loco
864 2060 923 2133 suo
947 2059 1125 2132 reseruere.
1168 2064 1229 2132 -De
1251 2065 1381 2154 graecis

246 2155 249 2162 ¹
349 2165 387 2236 iu
403 2087 603 2237 Aesdhinem
616 2161 761 2249 scholiis,
788 2189 808 2234 a
821 2189 878 2234 me
890 2167 1003 2262 primo
1020 2162 1163 2234 nuncin
1179 2161 1291 2234 lucem
1299 2187 1379 2260 pro-

349 2263 447 2360 latis,
469 2261 605 2337 seor-hm
621 2264 687 2336 diri
702 2267 739 2337 in
755 2263 1003 2362 praefationeii
1045 2257 1229 2364 praemisse
1280 2264 1379 2338 Codi-

349 2390 410 2440 ces
427 2366 600 2440 Aeschinis
623 2365 754 2439 calamo
777 2369 900 2439 exarati
923 2357 984 2466 qu'i
997 2289 1152 2463 layloro
1173 2365 1215 2439 nd
1234 2391 1379 2441 manum

348 2467 498 2558 suerint,
522 2473 582 2569 qui
599 2469 700 2556 mihi,
725 2496 745 2541 e
761 2468 972 2567 praefatione
987 2469 1197 2563 intelligetur
1219 2468 1307 2561 libro
1323 2496 1379 2541 va·

346 2574 509 2645 riantium
524 2568 711 2643 lethonem
732 2566 927 2669 praemilla;
951 2572 1115 2669 quem‘in
1138 2568 1309 2659 libellum,
1336 2580 1405 2643 vt'

346 2672 428 2745 alias
444 2671 562 2772 paffim
577 2672 873 2745 annotatiunculae
890 2673 931 2745 ad
945 2671 1146 2745 Aeschinem
1160 2696 1270 2758 meas,
1294 2698 1378 2747 cum

347 2772 448 2846 locus
470 2774 555 2847 alius
584 2774 698 2847 nullus
725 2789 920 2872 oportunus
944 2775 1095 2861 daretur,
1133 2773 1286 2859 contuli,
1328 2776 1377 2847 ita

345 2902 454 2949 omne
468 2902 610 2977 quoque
622 2876 671 2962 id,
697 2876 792 2974 qnod
816 2874 970 2977 epistolas
987 2874 1159 2947 Aeschinis
1181 2876 1376 2975 perlegenti

204 3065 206 3073 Ι
343 2979 448 3066 mihi,
474 3004 555 3050 cum
576 3005 596 3049 e
620 2978 861 3077 typographeo
889 2977 1008 3051 adme
1030 2974 1234 3049 efferrentur
1262 2978 1376 3076 perlu-

341 3076 511 3166 strandae,
540 3107 605 3181 per
626 3076 876 3153 festinationem
897 3078 1123 3153 succurrebat.
1157 3082 1256 3151 lnitio
1281 3082 1374 3154 enim

248 3198 256 3218 '
342 3182 433 3253 nihil
447 3186 633 3281 quicquam
647 3186 683 3253 in
695 3182 766 3257 illas
775 3179 929 3279 epistolas
947 3184 1209 3254 annotationum
1224 3180 1375 3275 dare¹de·

340 3308 531 3357 creueram.
579 3324 629 3340 -
679 3286 824 3382 Propter
838 3283 1095 3357 multitudinem
1118 3290 1233 3357 rerum
1248 3308 1320 3353 non
1337 3282 1375 3353 li·

341 3388 417 3457 cuit
433 3388 566 3473 omnia,
588 3386 630 3457 ad
639 3384 841 3457 Aeschinem
859 3412 946 3484 quae
960 3390 995 3457 in
1008 3398 1151 3483 promtu
1164 3379 1281 3471 essent,
1302 3410 1374 3456 vno

246 3505 249 3512 ’
340 3487 519 3560 volumine
539 3484 749 3585 complesti3
784 3484 917 3561 necesse
935 3486 1003 3559 suit
1026 3500 1223 3586 apparatum
1243 3489 1245 3503 '
1267 3488 1373 3559 artiri.

341 3591 457 3664 Primo
473 3590 611 3688 quidem
626 3594 663 3661 in
677 3588 871 3677 volumine,
896 3590 990 3689 quod
1005 3593 1072 3661 iam
1090 3614 1183 3660 nunc
1196 3614 1238 3659 ve
1285 3582 1373 3658 'sest

334 3694 555 3781 inmanibus,
579 3694 689 3779 sinici,
712 3688 915 3790 videtisiph,
936 3692 1018 3789 quid
1033 3689 1253 3775 exhibuerim,
1268 3689 1371 3767 vtdo·

340 3794 442 3864 cendi
452 3794 542 3866 haud
552 3791 632 3864 fitis.
654 3794 772 3867 Altero
779 3808 904 3881 autem,
918 3796 1142 3892 intrepaucos
1150 3790 1281 3863 menses
1292 3816 1371 3887 pro·

225 3977 229 3985 ι
339 3890 472 3982 dituro,
497 3892 666 3995 quaesitis
681 3920 701 3967 α
717 3922 776 3969 me
788 3896 908 3983 laturi,
930 3920 1050 3969 meum
1070 3890 1117 3967 est
1140 3917 1233 3967 nunc
1258 3892 1368 4065 edere.

1213 3998 1325 4093 Comp
1341 4020 1371 4065 e·
