<?xml version="1.0" encoding="UTF-8"?>
<!DOCTYPE html PUBLIC "-//W3C//DTD XHTML 1.0 Transitional//EN"
    "http://www.w3.org/TR/xhtml1/DTD/xhtml1-transitional.dtd">
<html xmlns="http://www.w3.org/1999/xhtml" xml:lang="en" lang="en">
 <head>
  <title>
</title>
<meta http-equiv="Content-Type" content="text/html;charset=utf-8" />
  <meta name='ocr-system' content='tesseract 3.04.00' />
  <meta name='ocr-capabilities' content='ocr_page ocr_carea ocr_par ocr_line ocrx_word'/>
</head>
<body>
  <div class='ocr_page' id='page_1' title='image "./oratorumgrcorum00reisgoog/oratorumgrcorum00reisgoog_0762.png"; bbox 0 0 3100 4800; ppageno 0'>
   <div class='ocr_carea' id='block_1_1' title="bbox 160 372 1182 522">
    <p class='ocr_par' dir='ltr' id='par_1_1' title="bbox 160 372 1182 522">
     <span class='ocr_line' id='line_1_1' title="bbox 160 372 1182 522; baseline -0.039 5"><span class='ocrx_word' id='word_1_1' title='bbox 160 381 163 390; x_wconf 30' lang='lat'><strong><em>¹</em></strong></span> <span class='ocrx_word' id='word_1_2' title='bbox 307 440 385 522; x_wconf 83' lang='lat'><strong>774</strong></span> <span class='ocrx_word' id='word_1_3' title='bbox 455 372 760 496; x_wconf 65' lang='lat' dir='ltr'><strong>eunucus-10</strong></span> <span class='ocrx_word' id='word_1_4' title='bbox 808 426 879 493; x_wconf 77' lang='lat' dir='ltr'><strong>Au</strong></span> <span class='ocrx_word' id='word_1_5' title='bbox 927 382 1182 493; x_wconf 75' lang='lat' dir='ltr'><strong>vnnrnuc.</strong></span> 
     </span>
    </p>
   </div>
   <div class='ocr_carea' id='block_1_2' title="bbox 308 588 1339 696">
    <p class='ocr_par' dir='ltr' id='par_1_2' title="bbox 308 588 1339 696">
     <span class='ocr_line' id='line_1_2' title="bbox 308 588 1339 696; baseline -0.01 -21"><span class='ocrx_word' id='word_1_6' title='bbox 308 601 483 696; x_wconf 76' lang='lat' dir='ltr'>segnities,</span> <span class='ocrx_word' id='word_1_7' title='bbox 512 618 551 676; x_wconf 85' lang='lat' dir='ltr'><strong>vt</strong></span> <span class='ocrx_word' id='word_1_8' title='bbox 572 604 695 677; x_wconf 88' lang='lat' dir='ltr'><strong>decora</strong></span> <span class='ocrx_word' id='word_1_9' title='bbox 714 603 780 675; x_wconf 90' lang='lat' dir='ltr'><strong>suis</strong></span> <span class='ocrx_word' id='word_1_10' title='bbox 802 600 1031 689; x_wconf 73' lang='lat' dir='ltr'><strong>editionibus,</strong></span> <span class='ocrx_word' id='word_1_11' title='bbox 1057 626 1133 671; x_wconf 71' lang='lat' dir='ltr'><strong>‘non</strong></span> <span class='ocrx_word' id='word_1_12' title='bbox 1154 588 1339 670; x_wconf 80' lang='lat' dir='ltr'><strong>necessarie</strong></span> 
     </span>
    </p>
   </div>
   <div class='ocr_carea' id='block_1_3' title="bbox 309 700 1429 895">
    <p class='ocr_par' dir='ltr' id='par_1_3' title="bbox 309 700 1429 895">
     <span class='ocr_line' id='line_1_3' title="bbox 309 700 1429 802; baseline -0.013 -25"><span class='ocrx_word' id='word_1_13' title='bbox 309 703 435 791; x_wconf 83' lang='lat' dir='ltr'><strong>modo,</strong></span> <span class='ocrx_word' id='word_1_14' title='bbox 466 704 522 777; x_wconf 92' lang='lat' dir='ltr'><strong>sed</strong></span> <span class='ocrx_word' id='word_1_15' title='bbox 548 708 651 779; x_wconf 85' lang='lat' dir='ltr'><strong>etiam</strong></span> <span class='ocrx_word' id='word_1_16' title='bbox 674 706 775 777; x_wconf 86' lang='lat' dir='ltr'><strong>obuia</strong></span> <span class='ocrx_word' id='word_1_17' title='bbox 800 721 836 775; x_wconf 93' lang='lat' dir='ltr'><strong>et</strong></span> <span class='ocrx_word' id='word_1_18' title='bbox 855 704 953 777; x_wconf 78' lang='lat' dir='ltr'><strong>facile</strong></span> <span class='ocrx_word' id='word_1_19' title='bbox 968 701 1127 802; x_wconf 69' lang='lat' dir='ltr'><strong>parabilis</strong></span> <span class='ocrx_word' id='word_1_20' title='bbox 1144 700 1193 771; x_wconf 90' lang='lat' dir='ltr'><strong>nil</strong></span> <span class='ocrx_word' id='word_1_21' title='bbox 1212 710 1339 769; x_wconf 85' lang='lat' dir='ltr'><strong>curent</strong></span> <span class='ocrx_word' id='word_1_22' title='bbox 1428 776 1429 791; x_wconf 12' lang='grc' dir='ltr'><strong>ξ</strong></span> 
     </span>
     <span class='ocr_line' id='line_1_4' title="bbox 313 792 1429 895; baseline -0.012 -18"><span class='ocrx_word' id='word_1_23' title='bbox 313 804 445 877; x_wconf 83' lang='lat' dir='ltr'><strong>addere.</strong></span> <span class='ocrx_word' id='word_1_24' title='bbox 492 812 588 878; x_wconf 86' lang='lat' dir='ltr'><strong>Haec</strong></span> <span class='ocrx_word' id='word_1_25' title='bbox 611 809 731 879; x_wconf 85' lang='lat' dir='ltr'><strong>obiter.</strong></span> <span class='ocrx_word' id='word_1_26' title='bbox 754 806 858 879; x_wconf 86' lang='lat' dir='ltr'><strong>redeo</strong></span> <span class='ocrx_word' id='word_1_27' title='bbox 880 806 921 878; x_wconf 87' lang='lat' dir='ltr'><strong>ad</strong></span> <span class='ocrx_word' id='word_1_28' title='bbox 943 806 1035 877; x_wconf 80' lang='lat' dir='ltr'><strong>illam</strong></span> <span class='ocrx_word' id='word_1_29' title='bbox 1055 802 1204 874; x_wconf 81' lang='lat' dir='ltr'><strong>Isocratis</strong></span> <span class='ocrx_word' id='word_1_30' title='bbox 1220 794 1343 895; x_wconf 83' lang='lat' dir='ltr'><strong>episto-</strong></span> <span class='ocrx_word' id='word_1_31' title='bbox 1428 792 1429 821; x_wconf 71' lang='lat'>³</span> 
     </span>
    </p>
   </div>
   <div class='ocr_carea' id='block_1_4' title="bbox 311 890 1345 1209">
    <p class='ocr_par' dir='ltr' id='par_1_4' title="bbox 311 890 1345 1209">
     <span class='ocr_line' id='line_1_5' title="bbox 312 890 1341 1005; baseline -0.01 -26"><span class='ocrx_word' id='word_1_32' title='bbox 312 906 382 979; x_wconf 86' lang='lat' dir='ltr'><strong>lam</strong></span> <span class='ocrx_word' id='word_1_33' title='bbox 403 890 606 980; x_wconf 76' lang='lat' dir='ltr'><strong>Arcliidamo</strong></span> <span class='ocrx_word' id='word_1_34' title='bbox 627 908 841 1005; x_wconf 83' lang='lat' dir='ltr'><strong>inscriptam,</strong></span> <span class='ocrx_word' id='word_1_35' title='bbox 875 932 963 1005; x_wconf 77' lang='lat' dir='ltr'><strong>quae</strong></span> <span class='ocrx_word' id='word_1_36' title='bbox 984 908 1020 979; x_wconf 92' lang='lat' dir='ltr'><strong>in</strong></span> <span class='ocrx_word' id='word_1_37' title='bbox 1042 904 1161 975; x_wconf 91' lang='lat' dir='ltr'><strong>codice</strong></span> <span class='ocrx_word' id='word_1_38' title='bbox 1174 896 1341 972; x_wconf 89' lang='lat' dir='ltr'><strong>Helmsta·</strong></span> 
     </span>
     <span class='ocr_line' id='line_1_6' title="bbox 311 1002 1342 1106; baseline -0.009 -27"><span class='ocrx_word' id='word_1_39' title='bbox 311 1002 417 1079; x_wconf 78' lang='lat' dir='ltr'><strong>&#39;&#39;dienli</strong></span> <span class='ocrx_word' id='word_1_40' title='bbox 450 1026 485 1079; x_wconf 89' lang='lat' dir='ltr'><strong>et</strong></span> <span class='ocrx_word' id='word_1_41' title='bbox 504 1010 716 1083; x_wconf 84' lang='lat' dir='ltr'>emendatior</span> <span class='ocrx_word' id='word_1_42' title='bbox 747 1007 795 1081; x_wconf 90' lang='lat' dir='ltr'><strong>est</strong></span> <span class='ocrx_word' id='word_1_43' title='bbox 819 1008 980 1106; x_wconf 85' lang='lat' dir='ltr'><strong>exemplo</strong></span> <span class='ocrx_word' id='word_1_44' title='bbox 1004 1004 1273 1087; x_wconf 79' lang='lat' dir='ltr'><strong>Hoescheliano,</strong></span> <span class='ocrx_word' id='word_1_45' title='bbox 1304 1013 1342 1071; x_wconf 86' lang='lat' dir='ltr'><strong>et</strong></span> 
     </span>
     <span class='ocr_line' id='line_1_7' title="bbox 315 1103 1345 1209; baseline -0.007 -30"><span class='ocrx_word' id='word_1_46' title='bbox 315 1105 446 1181; x_wconf 62' lang='lat' dir='ltr'><strong>audior</strong></span> <span class='ocrx_word' id='word_1_47' title='bbox 467 1110 598 1209; x_wconf 76' lang='lat' dir='ltr'><strong>aliquot</strong></span> <span class='ocrx_word' id='word_1_48' title='bbox 618 1110 802 1184; x_wconf 78' lang='lat' dir='ltr'><strong>sententiis.</strong></span> <span class='ocrx_word' id='word_1_49' title='bbox 862 1109 1040 1183; x_wconf 82' lang='lat' dir='ltr'><strong>Isocratees</strong></span> <span class='ocrx_word' id='word_1_50' title='bbox 1071 1107 1247 1204; x_wconf 82' lang='lat' dir='ltr'><strong>excipiunt</strong></span> <span class='ocrx_word' id='word_1_51' title='bbox 1272 1103 1345 1199; x_wconf 91' lang='lat' dir='ltr'><strong>epi·</strong></span> 
     </span>
    </p>
   </div>
   <div class='ocr_carea' id='block_1_5' title="bbox 314 1208 1429 1298">
    <p class='ocr_par' dir='ltr' id='par_1_5' title="bbox 314 1208 1429 1298">
     <span class='ocr_line' id='line_1_8' title="bbox 314 1208 1429 1298; baseline -0.005 -17"><span class='ocrx_word' id='word_1_52' title='bbox 314 1208 416 1282; x_wconf 86' lang='lat' dir='ltr'><strong>stolae</strong></span> <span class='ocrx_word' id='word_1_53' title='bbox 436 1214 686 1285; x_wconf 85' lang='lat' dir='ltr'><strong>Socraticorum</strong></span> <span class='ocrx_word' id='word_1_54' title='bbox 709 1240 729 1283; x_wconf 91' lang='lat' dir='ltr'><strong>a</strong></span> <span class='ocrx_word' id='word_1_55' title='bbox 750 1220 866 1285; x_wconf 86' lang='lat' dir='ltr'><strong>Leone</strong></span> <span class='ocrx_word' id='word_1_56' title='bbox 888 1212 1010 1283; x_wconf 86' lang='lat' dir='ltr'><strong>Allatio</strong></span> <span class='ocrx_word' id='word_1_57' title='bbox 1035 1209 1152 1283; x_wconf 83' lang='lat' dir='ltr'><strong>editae.</strong></span> <span class='ocrx_word' id='word_1_58' title='bbox 1200 1210 1340 1298; x_wconf 82' lang='lat' dir='ltr'><strong>Agmen</strong></span> <span class='ocrx_word' id='word_1_59' title='bbox 1428 1240 1429 1285; x_wconf 50' lang='grc' dir='ltr'>ι</span> 
     </span>
    </p>
   </div>
   <div class='ocr_carea' id='block_1_6' title="bbox 314 1302 1429 1510">
    <p class='ocr_par' dir='ltr' id='par_1_6' title="bbox 314 1302 1429 1510">
     <span class='ocr_line' id='line_1_9' title="bbox 314 1302 1429 1408; baseline -0.008 -26"><span class='ocrx_word' id='word_1_60' title='bbox 314 1310 443 1383; x_wconf 84' lang='lat' dir='ltr'><strong>claudit</strong></span> <span class='ocrx_word' id='word_1_61' title='bbox 461 1311 613 1408; x_wconf 74' lang='lat' dir='ltr'><strong>Dionysi</strong></span> <span class='ocrx_word' id='word_1_62' title='bbox 632 1308 927 1387; x_wconf 82' lang='lat' dir='ltr'><strong>Halicarnassenfis</strong></span> <span class='ocrx_word' id='word_1_63' title='bbox 953 1310 1105 1397; x_wconf 90' lang='lat' dir='ltr'><strong>libellus,</strong></span> <span class='ocrx_word' id='word_1_64' title='bbox 1133 1312 1202 1379; x_wconf 78' lang='lat' dir='ltr'><strong>vite</strong></span> <span class='ocrx_word' id='word_1_65' title='bbox 1218 1302 1344 1400; x_wconf 58' lang='lat' dir='ltr'><strong>lLysiae</strong></span> <span class='ocrx_word' id='word_1_66' title='bbox 1428 1310 1429 1335; x_wconf 67' lang='lat'>¹</span> 
     </span>
     <span class='ocr_line' id='line_1_10' title="bbox 315 1406 1429 1510; baseline -0.009 -25"><span class='ocrx_word' id='word_1_67' title='bbox 315 1412 504 1510; x_wconf 76' lang='lat' dir='ltr'><strong>inscriptus.</strong></span> <span class='ocrx_word' id='word_1_68' title='bbox 552 1421 590 1487; x_wconf 92' lang='lat' dir='ltr'><strong>In</strong></span> <span class='ocrx_word' id='word_1_69' title='bbox 613 1414 730 1486; x_wconf 87' lang='lat' dir='ltr'><strong>fronte</strong></span> <span class='ocrx_word' id='word_1_70' title='bbox 751 1416 877 1487; x_wconf 88' lang='lat' dir='ltr'><strong>codicis</strong></span> <span class='ocrx_word' id='word_1_71' title='bbox 902 1414 1027 1507; x_wconf 86' lang='lat' dir='ltr'><strong>legitur</strong></span> <span class='ocrx_word' id='word_1_72' title='bbox 1052 1412 1135 1483; x_wconf 87' lang='lat' dir='ltr'><strong>haec</strong></span> <span class='ocrx_word' id='word_1_73' title='bbox 1148 1406 1344 1505; x_wconf 73' lang='lat' dir='ltr'><strong>inscriptiot</strong></span> <span class='ocrx_word' id='word_1_74' title='bbox 1428 1422 1429 1475; x_wconf 54' lang='grc' dir='ltr'><strong>ξ</strong></span> 
     </span>
    </p>
   </div>
   <div class='ocr_carea' id='block_1_7' title="bbox 185 1509 1350 1611">
    <p class='ocr_par' dir='ltr' id='par_1_7' title="bbox 185 1509 1350 1611">
     <span class='ocr_line' id='line_1_11' title="bbox 185 1509 1350 1611; baseline -0.007 -24"><span class='ocrx_word' id='word_1_75' title='bbox 185 1597 194 1611; x_wconf 82' lang='lat'><strong>.</strong></span> <span class='ocrx_word' id='word_1_76' title='bbox 317 1516 436 1606; x_wconf 81' lang='lat' dir='ltr'><strong>lliuslri</strong></span> <span class='ocrx_word' id='word_1_77' title='bbox 455 1513 662 1589; x_wconf 74' lang='lat' dir='ltr'><strong>Bibliothecae</strong></span> <span class='ocrx_word' id='word_1_78' title='bbox 681 1517 825 1587; x_wconf 75' lang='lat' dir='ltr'><strong>lusineio</strong></span> <span class='ocrx_word' id='word_1_79' title='bbox 843 1514 898 1609; x_wconf 83' lang='lat' dir='ltr'><strong>soi</strong></span> <span class='ocrx_word' id='word_1_80' title='bbox 911 1522 1090 1587; x_wconf 79' lang='lat' dir='ltr'><strong>memoriam</strong></span> <span class='ocrx_word' id='word_1_81' title='bbox 1104 1516 1190 1581; x_wconf 82' lang='lat' dir='ltr'><strong>dicat</strong></span> <span class='ocrx_word' id='word_1_82' title='bbox 1205 1514 1251 1583; x_wconf 88' lang='lat' dir='ltr'><strong>H.</strong></span> <span class='ocrx_word' id='word_1_83' title='bbox 1268 1509 1350 1580; x_wconf 72' lang='lat' dir='ltr'><strong>Bu-</strong></span> 
     </span>
    </p>
   </div>
   <div class='ocr_carea' id='block_1_8' title="bbox 317 1607 1348 1703">
    <p class='ocr_par' dir='ltr' id='par_1_8' title="bbox 317 1589 1430 1713">
     <span class='ocr_line' id='line_1_12' title="bbox 317 1607 1348 1703; baseline -0.003 -18"><span class='ocrx_word' id='word_1_84' title='bbox 317 1621 536 1703; x_wconf 69' lang='lat' dir='ltr'><strong>meA1651.</strong></span> <span class='ocrx_word' id='word_1_85' title='bbox 585 1621 665 1689; x_wconf 84' lang='lat' dir='ltr'><strong>Fuit</strong></span> <span class='ocrx_word' id='word_1_86' title='bbox 685 1618 742 1689; x_wconf 90' lang='lat' dir='ltr'><strong>hic</strong></span> <span class='ocrx_word' id='word_1_87' title='bbox 755 1622 907 1688; x_wconf 77' lang='lat' dir='ltr'><strong>Hrmicm</strong></span> <span class='ocrx_word' id='word_1_88' title='bbox 921 1619 1027 1689; x_wconf 80' lang='lat' dir='ltr'><strong>Blunre</strong></span> <span class='ocrx_word' id='word_1_89' title='bbox 1047 1607 1214 1688; x_wconf 82' lang='lat' dir='ltr'><strong>Professor</strong></span> <span class='ocrx_word' id='word_1_90' title='bbox 1224 1610 1348 1681; x_wconf 88' lang='lat' dir='ltr'><strong>Helm·</strong></span> 
     </span>
    </p>
   </div>
   <div class='ocr_carea' id='block_1_9' title="bbox 319 1712 1348 2017">
    <p class='ocr_par' dir='ltr' id='par_1_9' title="bbox 319 1712 1348 2017">
     <span class='ocr_line' id='line_1_13' title="bbox 319 1712 1347 1818; baseline -0.004 -31"><span class='ocrx_word' id='word_1_91' title='bbox 319 1712 504 1804; x_wconf 82' lang='lat' dir='ltr'><strong>stadienfis,</strong></span> <span class='ocrx_word' id='word_1_92' title='bbox 537 1720 598 1818; x_wconf 90' lang='lat' dir='ltr'><strong>qui</strong></span> <span class='ocrx_word' id='word_1_93' title='bbox 619 1716 838 1817; x_wconf 87' lang='lat' dir='ltr'><strong>postmodum</strong></span> <span class='ocrx_word' id='word_1_94' title='bbox 859 1717 955 1790; x_wconf 86' lang='lat' dir='ltr'><strong>sacris</strong></span> <span class='ocrx_word' id='word_1_95' title='bbox 980 1713 1239 1789; x_wconf 86' lang='lat' dir='ltr'><strong>Protellantium</strong></span> <span class='ocrx_word' id='word_1_96' title='bbox 1261 1735 1347 1783; x_wconf 87' lang='lat' dir='ltr'><strong>cum</strong></span> 
     </span>
     <span class='ocr_line' id='line_1_14' title="bbox 319 1812 1347 1919; baseline -0.004 -30"><span class='ocrx_word' id='word_1_97' title='bbox 319 1814 541 1903; x_wconf 70' lang='lat' dir='ltr'><strong>renuntiasset</strong></span> <span class='ocrx_word' id='word_1_98' title='bbox 562 1819 603 1891; x_wconf 86' lang='lat' dir='ltr'><strong>ad</strong></span> <span class='ocrx_word' id='word_1_99' title='bbox 623 1836 736 1919; x_wconf 88' lang='lat' dir='ltr'><strong>partes</strong></span> <span class='ocrx_word' id='word_1_100' title='bbox 758 1816 962 1917; x_wconf 85' lang='lat' dir='ltr'><strong>Papillarum</strong></span> <span class='ocrx_word' id='word_1_101' title='bbox 979 1815 1124 1903; x_wconf 80' lang='lat' dir='ltr'><strong>transnt,</strong></span> <span class='ocrx_word' id='word_1_102' title='bbox 1149 1828 1184 1887; x_wconf 91' lang='lat' dir='ltr'><strong>et</strong></span> <span class='ocrx_word' id='word_1_103' title='bbox 1200 1818 1236 1885; x_wconf 92' lang='lat' dir='ltr'><strong>in</strong></span> <span class='ocrx_word' id='word_1_104' title='bbox 1252 1812 1347 1885; x_wconf 75' lang='lat' dir='ltr'><strong>ltalia</strong></span> 
     </span>
     <span class='ocr_line' id='line_1_15' title="bbox 321 1920 1348 2017; baseline -0.001 -29"><span class='ocrx_word' id='word_1_105' title='bbox 321 1935 470 1991; x_wconf 83' lang='lat' dir='ltr'><strong>aetatem</strong></span> <span class='ocrx_word' id='word_1_106' title='bbox 494 1924 623 2013; x_wconf 79' lang='lat' dir='ltr'><strong>exegit3</strong></span> <span class='ocrx_word' id='word_1_107' title='bbox 643 1922 733 1993; x_wconf 86' lang='lat' dir='ltr'><strong>vnde</strong></span> <span class='ocrx_word' id='word_1_108' title='bbox 754 1922 910 1995; x_wconf 87' lang='lat' dir='ltr'><strong>codicem</strong></span> <span class='ocrx_word' id='word_1_109' title='bbox 935 1922 1028 1995; x_wconf 90' lang='lat' dir='ltr'><strong>hunc</strong></span> <span class='ocrx_word' id='word_1_110' title='bbox 1042 1922 1079 1991; x_wconf 93' lang='lat' dir='ltr'><strong>in</strong></span> <span class='ocrx_word' id='word_1_111' title='bbox 1095 1920 1238 2017; x_wconf 82' lang='lat' dir='ltr'><strong>patriam</strong></span> <span class='ocrx_word' id='word_1_112' title='bbox 1255 1930 1348 1989; x_wconf 84' lang='lat' dir='ltr'><strong>retu·</strong></span> 
     </span>
    </p>
   </div>
   <div class='ocr_carea' id='block_1_10' title="bbox 316 2014 1430 2223">
    <p class='ocr_par' dir='ltr' id='par_1_10' title="bbox 316 2014 1430 2223">
     <span class='ocr_line' id='line_1_16' title="bbox 316 2014 1430 2121; baseline -0.005 -30"><span class='ocrx_word' id='word_1_113' title='bbox 316 2014 394 2091; x_wconf 65' lang='lat' dir='ltr'><strong>*lille</strong></span> <span class='ocrx_word' id='word_1_114' title='bbox 410 2020 543 2095; x_wconf 84' lang='lat' dir='ltr'><strong>videtur</strong></span> <span class='ocrx_word' id='word_1_115' title='bbox 559 2048 599 2093; x_wconf 82' lang='lat' dir='ltr'><strong>or</strong></span> <span class='ocrx_word' id='word_1_116' title='bbox 614 2026 753 2110; x_wconf 87' lang='lat' dir='ltr'><strong>itinere,</strong></span> <span class='ocrx_word' id='word_1_117' title='bbox 781 2022 875 2121; x_wconf 90' lang='lat' dir='ltr'><strong>quod</strong></span> <span class='ocrx_word' id='word_1_118' title='bbox 892 2024 927 2095; x_wconf 91' lang='lat' dir='ltr'><strong>ni</strong></span> <span class='ocrx_word' id='word_1_119' title='bbox 942 2020 1059 2108; x_wconf 83' lang='lat' dir='ltr'><strong>sallor,</strong></span> <span class='ocrx_word' id='word_1_120' title='bbox 1081 2020 1215 2091; x_wconf 87' lang='lat' dir='ltr'><strong>iuuenis</strong></span> <span class='ocrx_word' id='word_1_121' title='bbox 1233 2016 1348 2089; x_wconf 82' lang='lat' dir='ltr'><strong>adhue</strong></span> <span class='ocrx_word' id='word_1_122' title='bbox 1428 2022 1430 2039; x_wconf 86' lang='grc'><strong>“</strong></span> 
     </span>
     <span class='ocr_line' id='line_1_17' title="bbox 322 2119 1430 2223; baseline 0 -28"><span class='ocrx_word' id='word_1_123' title='bbox 322 2121 403 2195; x_wconf 91' lang='lat' dir='ltr'><strong>illuc</strong></span> <span class='ocrx_word' id='word_1_124' title='bbox 423 2120 560 2197; x_wconf 80' lang='lat' dir='ltr'><strong>fecerat</strong></span> <span class='ocrx_word' id='word_1_125' title='bbox 609 2128 709 2197; x_wconf 80' lang='lat' dir='ltr'><strong>quat</strong></span> <span class='ocrx_word' id='word_1_126' title='bbox 728 2127 792 2199; x_wconf 81' lang='lat' dir='ltr'><strong>hac</strong></span> <span class='ocrx_word' id='word_1_127' title='bbox 814 2127 1049 2223; x_wconf 87' lang='lat' dir='ltr'><strong>oportunitate</strong></span> <span class='ocrx_word' id='word_1_128' title='bbox 1074 2122 1200 2206; x_wconf 85' lang='lat' dir='ltr'><strong>oblata,</strong></span> <span class='ocrx_word' id='word_1_129' title='bbox 1224 2119 1348 2190; x_wconf 82' lang='lat' dir='ltr'><strong>deco-</strong></span> <span class='ocrx_word' id='word_1_130' title='bbox 1429 2190 1430 2195; x_wconf 75' lang='grc'>,</span> 
     </span>
    </p>
   </div>
   <div class='ocr_carea' id='block_1_11' title="bbox 323 2216 1350 2313">
    <p class='ocr_par' dir='ltr' id='par_1_11' title="bbox 323 2216 1350 2313">
     <span class='ocr_line' id='line_1_18' title="bbox 323 2216 1350 2313; baseline -0.004 -20"><span class='ocrx_word' id='word_1_131' title='bbox 323 2222 455 2295; x_wconf 88' lang='lat' dir='ltr'><strong>dicibus</strong></span> <span class='ocrx_word' id='word_1_132' title='bbox 475 2222 566 2298; x_wconf 89' lang='lat' dir='ltr'><strong>mstis</strong></span> <span class='ocrx_word' id='word_1_133' title='bbox 584 2225 816 2299; x_wconf 84' lang='lat' dir='ltr'><strong>Vniuerfitutis</strong></span> <span class='ocrx_word' id='word_1_134' title='bbox 836 2226 955 2313; x_wconf 83' lang='lat' dir='ltr'><strong>Iuliae,</strong></span> <span class='ocrx_word' id='word_1_135' title='bbox 987 2225 1044 2297; x_wconf 90' lang='lat' dir='ltr'><strong>seu</strong></span> <span class='ocrx_word' id='word_1_136' title='bbox 1064 2216 1350 2307; x_wconf 75' lang='lat' dir='ltr'><strong>Helmstadiensis,</strong></span> 
     </span>
    </p>
   </div>
   <div class='ocr_carea' id='block_1_12' title="bbox 165 2319 1430 2530">
    <p class='ocr_par' dir='ltr' id='par_1_12' title="bbox 165 2319 1430 2530">
     <span class='ocr_line' id='line_1_19' title="bbox 165 2319 1430 2427; baseline 0 -34"><span class='ocrx_word' id='word_1_137' title='bbox 165 2340 182 2357; x_wconf 75' lang='lat'><strong><em>‘</em></strong></span> <span class='ocrx_word' id='word_1_138' title='bbox 324 2324 369 2395; x_wconf 90' lang='lat' dir='ltr'><strong>de</strong></span> <span class='ocrx_word' id='word_1_139' title='bbox 382 2350 450 2423; x_wconf 86' lang='lat' dir='ltr'><strong>qua</strong></span> <span class='ocrx_word' id='word_1_140' title='bbox 471 2326 577 2415; x_wconf 81' lang='lat' dir='ltr'><strong>altum</strong></span> <span class='ocrx_word' id='word_1_141' title='bbox 601 2325 649 2398; x_wconf 88' lang='lat' dir='ltr'><strong>est</strong></span> <span class='ocrx_word' id='word_1_142' title='bbox 668 2328 760 2427; x_wconf 87' lang='lat' dir='ltr'><strong>apud</strong></span> <span class='ocrx_word' id='word_1_143' title='bbox 773 2326 1079 2401; x_wconf 85' lang='lat' dir='ltr'><strong>Montfauconium</strong></span> <span class='ocrx_word' id='word_1_144' title='bbox 1094 2326 1247 2422; x_wconf 86' lang='lat' dir='ltr'><strong>aliosque</strong></span> <span class='ocrx_word' id='word_1_145' title='bbox 1262 2319 1350 2393; x_wconf 88' lang='lat' dir='ltr'><strong>limi·</strong></span> <span class='ocrx_word' id='word_1_146' title='bbox 1429 2344 1430 2353; x_wconf 57' lang='lat'>¹</span> 
     </span>
     <span class='ocr_line' id='line_1_20' title="bbox 315 2425 1417 2530; baseline 0.002 -34"><span class='ocrx_word' id='word_1_147' title='bbox 315 2425 380 2496; x_wconf 67' lang='lat' dir='ltr'><strong>*les</strong></span> <span class='ocrx_word' id='word_1_148' title='bbox 407 2426 588 2527; x_wconf 85' lang='lat' dir='ltr'><strong>scriptores</strong></span> <span class='ocrx_word' id='word_1_149' title='bbox 611 2428 800 2518; x_wconf 84' lang='lat' dir='ltr'><strong>filentium,</strong></span> <span class='ocrx_word' id='word_1_150' title='bbox 822 2455 930 2530; x_wconf 85' lang='lat' dir='ltr'><strong>pauca</strong></span> <span class='ocrx_word' id='word_1_151' title='bbox 948 2429 1130 2528; x_wconf 82' lang='lat' dir='ltr'><strong>quaedam,</strong></span> <span class='ocrx_word' id='word_1_152' title='bbox 1152 2441 1352 2499; x_wconf 80' lang='lat' dir='ltr'><strong>exterorum</strong></span> <span class='ocrx_word' id='word_1_153' title='bbox 1415 2513 1417 2525; x_wconf 17' lang='grc' dir='ltr'>ἱ</span> 
     </span>
    </p>
   </div>
   <div class='ocr_carea' id='block_1_13' title="bbox 234 2525 1354 2720">
    <p class='ocr_par' dir='ltr' id='par_1_13' title="bbox 234 2525 1354 2720">
     <span class='ocr_line' id='line_1_21' title="bbox 325 2525 1354 2620; baseline -0.004 -20"><span class='ocrx_word' id='word_1_154' title='bbox 325 2529 363 2598; x_wconf 90' lang='lat' dir='ltr'><strong>in</strong></span> <span class='ocrx_word' id='word_1_155' title='bbox 376 2531 560 2620; x_wconf 58' lang='lat' dir='ltr'><strong>gramme</strong></span> <span class='ocrx_word' id='word_1_156' title='bbox 576 2531 679 2604; x_wconf 89' lang='lat' dir='ltr'><strong>literis</strong></span> <span class='ocrx_word' id='word_1_157' title='bbox 688 2527 912 2607; x_wconf 86' lang='lat' dir='ltr'><strong>Wernsdorfii</strong></span> <span class='ocrx_word' id='word_1_158' title='bbox 920 2537 958 2603; x_wconf 92' lang='lat' dir='ltr'><strong>V.</strong></span> <span class='ocrx_word' id='word_1_159' title='bbox 967 2538 1002 2606; x_wconf 76' lang='lat' dir='ltr'>G</span> <span class='ocrx_word' id='word_1_160' title='bbox 1028 2525 1221 2602; x_wconf 86' lang='lat' dir='ltr'><strong>Proselloris</strong></span> <span class='ocrx_word' id='word_1_161' title='bbox 1231 2525 1354 2598; x_wconf 87' lang='lat' dir='ltr'><strong>Helm·</strong></span> 
     </span>
     <span class='ocr_line' id='line_1_22' title="bbox 234 2625 1352 2720; baseline -0.004 -18"><span class='ocrx_word' id='word_1_162' title='bbox 234 2708 237 2716; x_wconf 62' lang='grc'><strong>,</strong></span> <span class='ocrx_word' id='word_1_163' title='bbox 325 2626 514 2716; x_wconf 79' lang='lat' dir='ltr'><strong>stediensrs,</strong></span> <span class='ocrx_word' id='word_1_164' title='bbox 542 2627 649 2704; x_wconf 89' lang='lat' dir='ltr'><strong>affinis</strong></span> <span class='ocrx_word' id='word_1_165' title='bbox 671 2637 740 2708; x_wconf 89' lang='lat' dir='ltr'><strong>mei</strong></span> <span class='ocrx_word' id='word_1_166' title='bbox 762 2631 930 2720; x_wconf 83' lang='lat' dir='ltr'><strong>cariffimi,</strong></span> <span class='ocrx_word' id='word_1_167' title='bbox 961 2632 1002 2704; x_wconf 86' lang='lat' dir='ltr'><strong>ad</strong></span> <span class='ocrx_word' id='word_1_168' title='bbox 1026 2630 1188 2704; x_wconf 81' lang='lat' dir='ltr'><strong>medatis</strong></span> <span class='ocrx_word' id='word_1_169' title='bbox 1212 2625 1352 2700; x_wconf 88' lang='lat' dir='ltr'><strong>reserre.</strong></span> 
     </span>
    </p>
   </div>
   <div class='ocr_carea' id='block_1_14' title="bbox 188 2729 1431 3032">
    <p class='ocr_par' dir='ltr' id='par_1_14' title="bbox 188 2729 1431 3032">
     <span class='ocr_line' id='line_1_23' title="bbox 326 2729 1431 2836; baseline 0 -36"><span class='ocrx_word' id='word_1_170' title='bbox 326 2729 439 2803; x_wconf 83' lang='lat' dir='ltr'><strong>Verba</strong></span> <span class='ocrx_word' id='word_1_171' title='bbox 461 2729 706 2830; x_wconf 78' lang='lat' dir='ltr'><strong>ipsus&#39;reddo,</strong></span> <span class='ocrx_word' id='word_1_172' title='bbox 729 2733 825 2836; x_wconf 90' lang='lat' dir='ltr'><strong>quod</strong></span> <span class='ocrx_word' id='word_1_173' title='bbox 844 2759 928 2832; x_wconf 81' lang='lat' dir='ltr'><strong>pace</strong></span> <span class='ocrx_word' id='word_1_174' title='bbox 941 2731 1042 2834; x_wconf 77' lang='lat' dir='ltr'><strong>ipsius</strong></span> <span class='ocrx_word' id='word_1_175' title='bbox 1060 2731 1135 2819; x_wconf 76' lang='lat' dir='ltr'><strong>fiat,</strong></span> <span class='ocrx_word' id='word_1_176' title='bbox 1157 2753 1353 2804; x_wconf 78' lang='lat' dir='ltr'><strong>evernaco·</strong></span> <span class='ocrx_word' id='word_1_177' title='bbox 1430 2781 1431 2786; x_wconf 18' lang='grc' dir='ltr'><strong>κ</strong></span> 
     </span>
     <span class='ocr_line' id='line_1_24' title="bbox 327 2831 1431 2917; baseline 0.004 -13"><span class='ocrx_word' id='word_1_178' title='bbox 327 2831 370 2904; x_wconf 80' lang='lat' dir='ltr'><strong>lis</strong></span> <span class='ocrx_word' id='word_1_179' title='bbox 399 2857 419 2903; x_wconf 85' lang='lat' dir='ltr'>a</span> <span class='ocrx_word' id='word_1_180' title='bbox 445 2859 503 2907; x_wconf 89' lang='lat' dir='ltr'><strong>me</strong></span> <span class='ocrx_word' id='word_1_181' title='bbox 532 2832 635 2908; x_wconf 85' lang='lat' dir='ltr'><strong>latina</strong></span> <span class='ocrx_word' id='word_1_182' title='bbox 658 2831 752 2909; x_wconf 64' lang='lat' dir='ltr'><strong>sulla</strong></span> <span class='ocrx_word' id='word_1_183' title='bbox 803 2839 996 2915; x_wconf 82' lang='lat' dir='ltr'><strong>Primaeuae</strong></span> <span class='ocrx_word' id='word_1_184' title='bbox 1026 2835 1114 2908; x_wconf 86' lang='lat' dir='ltr'><strong>illius</strong></span> <span class='ocrx_word' id='word_1_185' title='bbox 1139 2833 1353 2917; x_wconf 85' lang='lat' dir='ltr'><strong>Graecitatis,</strong></span> <span class='ocrx_word' id='word_1_186' title='bbox 1430 2871 1431 2908; x_wconf 75' lang='lat'>1</span> 
     </span>
     <span class='ocr_line' id='line_1_25' title="bbox 188 2931 1431 3032; baseline 0.001 -29"><span class='ocrx_word' id='word_1_187' title='bbox 188 2936 192 2944; x_wconf 83' lang='lat'><em>&#39;</em></span> <span class='ocrx_word' id='word_1_188' title='bbox 329 2931 387 3020; x_wconf 85' lang='lat' dir='ltr'><strong>ait,</strong></span> <span class='ocrx_word' id='word_1_189' title='bbox 403 2951 539 3032; x_wconf 84' lang='lat' dir='ltr'><strong>praeter</strong></span> <span class='ocrx_word' id='word_1_190' title='bbox 552 2936 773 3025; x_wconf 83' lang='lat' dir='ltr'><strong>Aeschinem,</strong></span> <span class='ocrx_word' id='word_1_191' title='bbox 797 2952 833 3010; x_wconf 91' lang='lat' dir='ltr'><strong>et</strong></span> <span class='ocrx_word' id='word_1_192' title='bbox 846 2937 1030 3010; x_wconf 81' lang='lat' dir='ltr'><strong>Aristotelis</strong></span> <span class='ocrx_word' id='word_1_193' title='bbox 1047 2935 1157 3009; x_wconf 89' lang='lat' dir='ltr'><strong>nescio</strong></span> <span class='ocrx_word' id='word_1_194' title='bbox 1174 2932 1273 3032; x_wconf 88' lang='lat' dir='ltr'><strong>quid,</strong></span> <span class='ocrx_word' id='word_1_195' title='bbox 1294 2957 1354 3030; x_wconf 83' lang='lat' dir='ltr'><strong>pe·</strong></span> <span class='ocrx_word' id='word_1_196' title='bbox 1430 2933 1431 2946; x_wconf 54' lang='lat'>¹</span> 
     </span>
    </p>
   </div>
   <div class='ocr_carea' id='block_1_15' title="bbox 243 3035 1362 4124">
    <p class='ocr_par' dir='ltr' id='par_1_15' title="bbox 243 3035 1362 4055">
     <span class='ocr_line' id='line_1_26' title="bbox 330 3035 1355 3132; baseline -0.002 -25"><span class='ocrx_word' id='word_1_197' title='bbox 330 3060 394 3107; x_wconf 87' lang='lat' dir='ltr'><strong>nes</strong></span> <span class='ocrx_word' id='word_1_198' title='bbox 418 3061 483 3109; x_wconf 89' lang='lat' dir='ltr'><strong>nos</strong></span> <span class='ocrx_word' id='word_1_199' title='bbox 507 3037 592 3110; x_wconf 91' lang='lat' dir='ltr'><strong>nihil</strong></span> <span class='ocrx_word' id='word_1_200' title='bbox 614 3037 801 3113; x_wconf 80' lang='lat' dir='ltr'><strong>admodum</strong></span> <span class='ocrx_word' id='word_1_201' title='bbox 822 3036 877 3112; x_wconf 81' lang='lat' dir='ltr'><strong>est.</strong></span> <span class='ocrx_word' id='word_1_202' title='bbox 925 3037 992 3112; x_wconf 87' lang='lat' dir='ltr'><strong>Sed</strong></span> <span class='ocrx_word' id='word_1_203' title='bbox 1014 3035 1061 3111; x_wconf 88' lang='lat' dir='ltr'><strong>est</strong></span> <span class='ocrx_word' id='word_1_204' title='bbox 1082 3060 1282 3132; x_wconf 70' lang='lat' dir='ltr'><strong>graccorum</strong></span> <span class='ocrx_word' id='word_1_205' title='bbox 1298 3057 1355 3131; x_wconf 82' lang='lat' dir='ltr'><strong>pe·</strong></span> 
     </span>
     <span class='ocr_line' id='line_1_27' title="bbox 326 3135 1357 3242; baseline 0.005 -38"><span class='ocrx_word' id='word_1_206' title='bbox 326 3149 426 3206; x_wconf 91' lang='lat' dir='ltr'><strong>trum</strong></span> <span class='ocrx_word' id='word_1_207' title='bbox 447 3138 721 3241; x_wconf 90' lang='lat' dir='ltr'><strong>scriptorumque</strong></span> <span class='ocrx_word' id='word_1_208' title='bbox 741 3135 1040 3214; x_wconf 79' lang='lat' dir='ltr'><strong>ecclesiasticoriim</strong></span> <span class='ocrx_word' id='word_1_209' title='bbox 1065 3141 1165 3238; x_wconf 86' lang='lat' dir='ltr'><strong>copia</strong></span> <span class='ocrx_word' id='word_1_210' title='bbox 1186 3161 1257 3212; x_wconf 88' lang='lat' dir='ltr'><strong>non</strong></span> <span class='ocrx_word' id='word_1_211' title='bbox 1273 3159 1357 3242; x_wconf 71' lang='lat' dir='ltr'><strong>con3</strong></span> 
     </span>
     <span class='ocr_line' id='line_1_28' title="bbox 315 3237 1360 3338; baseline 0.003 -33"><span class='ocrx_word' id='word_1_212' title='bbox 315 3239 535 3310; x_wconf 78' lang='lat' dir='ltr'><strong>temnenda:</strong></span> <span class='ocrx_word' id='word_1_213' title='bbox 560 3245 694 3316; x_wconf 79' lang='lat' dir='ltr'><strong>loannis</strong></span> <span class='ocrx_word' id='word_1_214' title='bbox 716 3241 942 3338; x_wconf 83' lang='lat' dir='ltr'><strong>Chrysollomi</strong></span> <span class='ocrx_word' id='word_1_215' title='bbox 963 3245 998 3314; x_wconf 91' lang='lat' dir='ltr'><strong>in</strong></span> <span class='ocrx_word' id='word_1_216' title='bbox 1014 3241 1230 3314; x_wconf 78' lang='lat' dir='ltr'><strong>matthaeum</strong></span> <span class='ocrx_word' id='word_1_217' title='bbox 1247 3237 1360 3310; x_wconf 88' lang='lat' dir='ltr'><strong>homi·</strong></span> 
     </span>
     <span class='ocr_line' id='line_1_29' title="bbox 243 3337 1357 3444; baseline 0.001 -36"><span class='ocrx_word' id='word_1_218' title='bbox 243 3339 250 3353; x_wconf 91' lang='lat'><em>&#39;</em></span> <span class='ocrx_word' id='word_1_219' title='bbox 331 3337 455 3411; x_wconf 85' lang='lat' dir='ltr'><strong>siarum</strong></span> <span class='ocrx_word' id='word_1_220' title='bbox 469 3341 569 3412; x_wconf 90' lang='lat' dir='ltr'><strong>nobis</strong></span> <span class='ocrx_word' id='word_1_221' title='bbox 586 3341 633 3416; x_wconf 89' lang='lat' dir='ltr'><strong>est</strong></span> <span class='ocrx_word' id='word_1_222' title='bbox 648 3345 755 3416; x_wconf 82' lang='lat' dir='ltr'><strong>codex</strong></span> <span class='ocrx_word' id='word_1_223' title='bbox 769 3339 1031 3444; x_wconf 83' lang='lat' dir='ltr'><strong>antiquislimus,</strong></span> <span class='ocrx_word' id='word_1_224' title='bbox 1054 3343 1160 3414; x_wconf 80' lang='lat' dir='ltr'><strong>literis</strong></span> <span class='ocrx_word' id='word_1_225' title='bbox 1176 3337 1357 3438; x_wconf 80' lang='lat' dir='ltr'><strong>quadratis,</strong></span> 
     </span>
     <span class='ocr_line' id='line_1_30' title="bbox 332 3437 1358 3544; baseline -0.004 -30"><span class='ocrx_word' id='word_1_226' title='bbox 332 3437 466 3514; x_wconf 71' lang='lat' dir='ltr'><strong>sacerdo</strong></span> <span class='ocrx_word' id='word_1_227' title='bbox 488 3438 626 3532; x_wconf 69' lang='lat' dir='ltr'><strong>odauo,</strong></span> <span class='ocrx_word' id='word_1_228' title='bbox 649 3462 686 3518; x_wconf 92' lang='lat' dir='ltr'><strong>et</strong></span> <span class='ocrx_word' id='word_1_229' title='bbox 707 3445 818 3518; x_wconf 91' lang='lat' dir='ltr'><strong>nescio</strong></span> <span class='ocrx_word' id='word_1_230' title='bbox 841 3473 883 3538; x_wconf 84' lang='lat' dir='ltr'><strong>an</strong></span> <span class='ocrx_word' id='word_1_231' title='bbox 900 3445 1042 3544; x_wconf 89' lang='lat' dir='ltr'><strong>septimo</strong></span> <span class='ocrx_word' id='word_1_232' title='bbox 1065 3445 1167 3536; x_wconf 85' lang='lat' dir='ltr'><strong>adeo,</strong></span> <span class='ocrx_word' id='word_1_233' title='bbox 1191 3455 1358 3513; x_wconf 76' lang='lat' dir='ltr'><strong>exaratus.</strong></span> 
     </span>
     <span class='ocr_line' id='line_1_31' title="bbox 256 3539 1359 3640; baseline 0.002 -30"><span class='ocrx_word' id='word_1_234' title='bbox 256 3570 260 3583; x_wconf 92' lang='lat'>·</span> <span class='ocrx_word' id='word_1_235' title='bbox 331 3539 390 3611; x_wconf 84' lang='lat' dir='ltr'><strong>Est</strong></span> <span class='ocrx_word' id='word_1_236' title='bbox 404 3543 489 3613; x_wconf 85' lang='lat' dir='ltr'><strong>alius</strong></span> <span class='ocrx_word' id='word_1_237' title='bbox 503 3539 615 3618; x_wconf 79' lang='lat' dir='ltr'><strong>smilis</strong></span> <span class='ocrx_word' id='word_1_238' title='bbox 630 3551 798 3640; x_wconf 84' lang='lat' dir='ltr'><strong>Origenis.</strong></span> <span class='ocrx_word' id='word_1_239' title='bbox 849 3551 1049 3620; x_wconf 86' lang='lat' dir='ltr'><strong>Latinorum</strong></span> <span class='ocrx_word' id='word_1_240' title='bbox 1064 3541 1243 3618; x_wconf 71' lang='lat' dir='ltr'><strong>rusiorum</strong></span> <span class='ocrx_word' id='word_1_241' title='bbox 1258 3557 1359 3614; x_wconf 71' lang='lat' dir='ltr'><strong>uento</strong></span> 
     </span>
     <span class='ocr_line' id='line_1_32' title="bbox 333 3643 1360 3736; baseline 0 -22"><span class='ocrx_word' id='word_1_242' title='bbox 333 3646 444 3715; x_wconf 88' lang='lat' dir='ltr'><strong>maior</strong></span> <span class='ocrx_word' id='word_1_243' title='bbox 466 3644 566 3716; x_wconf 92' lang='lat' dir='ltr'><strong>nobis</strong></span> <span class='ocrx_word' id='word_1_244' title='bbox 589 3645 636 3718; x_wconf 87' lang='lat' dir='ltr'><strong>cll</strong></span> <span class='ocrx_word' id='word_1_245' title='bbox 651 3675 835 3736; x_wconf 88' lang='lat' dir='ltr'><strong>numerus,</strong></span> <span class='ocrx_word' id='word_1_246' title='bbox 860 3648 949 3724; x_wconf 87' lang='lat' dir='ltr'><strong>vnde</strong></span> <span class='ocrx_word' id='word_1_247' title='bbox 964 3651 1140 3722; x_wconf 84' lang='lat' dir='ltr'><strong>nominare</strong></span> <span class='ocrx_word' id='word_1_248' title='bbox 1158 3649 1255 3718; x_wconf 82' lang='lat' dir='ltr'><strong>iuuat</strong></span> <span class='ocrx_word' id='word_1_249' title='bbox 1269 3643 1360 3714; x_wconf 91' lang='lat' dir='ltr'><strong>Liui·</strong></span> 
     </span>
     <span class='ocr_line' id='line_1_33' title="bbox 334 3747 1361 3844; baseline 0.001 -31"><span class='ocrx_word' id='word_1_250' title='bbox 334 3769 414 3828; x_wconf 89' lang='lat' dir='ltr'><strong>um,</strong></span> <span class='ocrx_word' id='word_1_251' title='bbox 452 3749 690 3844; x_wconf 87' lang='lat' dir='ltr'><strong>Propertium,</strong></span> <span class='ocrx_word' id='word_1_252' title='bbox 725 3753 890 3838; x_wconf 86' lang='lat' dir='ltr'><strong>Statium,</strong></span> <span class='ocrx_word' id='word_1_253' title='bbox 931 3751 1108 3844; x_wconf 85' lang='lat' dir='ltr'><strong>Plautum,</strong></span> <span class='ocrx_word' id='word_1_254' title='bbox 1139 3747 1361 3831; x_wconf 88' lang='lat' dir='ltr'><strong>Terentium,</strong></span> 
     </span>
     <span class='ocr_line' id='line_1_34' title="bbox 264 3849 1360 3945; baseline -0.003 -27"><span class='ocrx_word' id='word_1_255' title='bbox 264 3901 267 3906; x_wconf 86' lang='lat'><em>-</em></span> <span class='ocrx_word' id='word_1_256' title='bbox 333 3849 499 3918; x_wconf 86' lang='lat' dir='ltr'><strong>Senecam</strong></span> <span class='ocrx_word' id='word_1_257' title='bbox 529 3853 711 3942; x_wconf 83' lang='lat' dir='ltr'><strong>tragicum,</strong></span> <span class='ocrx_word' id='word_1_258' title='bbox 741 3852 935 3945; x_wconf 85' lang='lat' dir='ltr'><strong>Virgilium,</strong></span> <span class='ocrx_word' id='word_1_259' title='bbox 964 3853 1061 3924; x_wconf 89' lang='lat' dir='ltr'><strong>cuius</strong></span> <span class='ocrx_word' id='word_1_260' title='bbox 1082 3851 1176 3923; x_wconf 86' lang='lat' dir='ltr'><strong>binas</strong></span> <span class='ocrx_word' id='word_1_261' title='bbox 1197 3865 1360 3920; x_wconf 87' lang='lat' dir='ltr'><strong>tenemus</strong></span> 
     </span>
     <span class='ocr_line' id='line_1_35' title="bbox 335 3947 1362 4055; baseline 0.004 -37"><span class='ocrx_word' id='word_1_262' title='bbox 335 3948 550 4038; x_wconf 77' lang='lat' dir='ltr'><strong>membranas</strong></span> <span class='ocrx_word' id='word_1_263' title='bbox 573 3951 649 4026; x_wconf 86' lang='lat' dir='ltr'><strong>satis</strong></span> <span class='ocrx_word' id='word_1_264' title='bbox 663 3950 820 4038; x_wconf 68' lang='lat' dir='ltr'><strong>uetustas.</strong></span> <span class='ocrx_word' id='word_1_265' title='bbox 849 4005 853 4020; x_wconf 87' lang='lat'>.</span> <span class='ocrx_word' id='word_1_266' title='bbox 868 3957 1026 4028; x_wconf 92' lang='lat' dir='ltr'><strong>Numero</strong></span> <span class='ocrx_word' id='word_1_267' title='bbox 1043 3952 1203 4055; x_wconf 86' lang='lat' dir='ltr'><strong>superant</strong></span> <span class='ocrx_word' id='word_1_268' title='bbox 1220 3947 1362 4047; x_wconf 88' lang='lat' dir='ltr'><strong>scripto·</strong></span> 
     </span>
    </p>

    <p class='ocr_par' dir='ltr' id='par_1_16' title="bbox 635 4073 1362 4124">
     <span class='ocr_line' id='line_1_36' title="bbox 635 4073 1362 4124; baseline 0.007 -5"><span class='ocrx_word' id='word_1_269' title='bbox 635 4077 638 4083; x_wconf 90' lang='lat'>·</span> <span class='ocrx_word' id='word_1_270' title='bbox 714 4081 718 4088; x_wconf 89' lang='lat'>·</span> <span class='ocrx_word' id='word_1_271' title='bbox 1305 4073 1362 4124; x_wconf 77' lang='lat' dir='ltr'><strong>tes</strong></span> 
     </span>
    </p>
   </div>
   <div class='ocr_carea' id='block_1_16' title="bbox 0 0 1591 4800">
    <p class='ocr_par' dir='ltr' id='par_1_17' title="bbox 0 0 1591 4800">
     <span class='ocr_line' id='line_1_37' title="bbox 0 0 1591 4800; baseline 0 0"><span class='ocrx_word' id='word_1_272' title='bbox 0 0 1591 4800; x_wconf 95' lang='lat' dir='ltr'><strong> </strong></span> 
     </span>
    </p>
   </div>
  </div>
 </body>
</html>
