3100 4800
243 417 262 502 J
328 411 467 488 norvr
563 399 592 492 t
639 413 760 486 tn
809 384 1247 488 aoaascnrn'rrr

260 632 264 643 ·
347 593 443 672 tium
463 583 623 693 reperio,
664 590 853 697 Wolfianae
886 599 1125 668 'annotationes
1148 583 1271 668 oinnes
1290 591 1406 668 ineis

349 699 508 770 manibus
530 694 766 768 exscribendae
788 695 887 768 etad
909 697 1004 768 locos
1029 723 1187 798 quaeque
1204 697 1283 772 suoe
1298 695 1409 769 refe-

350 800 499 884 rendae,
535 801 691 896 meisque
712 797 914 870 intexendae
939 797 1027 874 sunta
1073 799 1206 872 Indices
1231 801 1318 872 olim
1348 796 1411 868 fa·

350 899 441 989 Ros,
464 915 501 974 et
515 901 558 970 ad
577 896 755 971 Parifinam
770 897 999 998 compositos,
1022 902 1123 974 video
1138 925 1232 974 nunc
1246 904 1406 974 ieiunos

351 998 429 1076 elle.
453 1016 666 1100 quapropter
687 988 1000 1095 noui‘dd'integro
1020 1002 1192 1076 condendi
1212 1003 1309 1090 sunt,
1351 1001 1407 1073 ad

353 1129 467 1178 nouae
491 1103 650 1176 editionis
664 1105 804 1201 paginas
820 1115 856 1175 et
869 1101 982 1176 versus
998 1103 1216 1182 conformati.
1263 1101 1407 1178 Acces-

353 1205 396 1278 fit
415 1229 529 1278 nouue
550 1205 647 1277 labor
664 1229 685 1276 e
704 1203 835 1276 schedia
847 1205 992 1300 Taylori
1003 1231 1116 1305 nuper
1130 1207 1172 1278 ed
1187 1233 1245 1278 me
1261 1203 1406 1293 miffis3

346 1409 804 1483 ,m

346 1513 588 1610 nequeenim
611 1509 908 1616 otimuluppetiit
927 1501 1156 1598 examinandi,¹
1179 1433 1404 1598 theiaurum,

355 1639 400 1687 an
422 1613 591 1685 cerboner
608 1613 812 1712 repererim,
827 1609 985 1706 singulae
1004 1628 1121 1686 temen
1142 1637 1302 1712 quaeque
1329 1638 1403 1684 an·

351 1713 646 1788 notationeaillia
674 1716 722 1786 in·
742 1712 873 1786 schedis
896 1713 1039 1814 scriptae
1062 1711 1279 1813 pensitandee
1299 1711 1405 1802 sung

355 1813 449 1890 l'e'dea
463 1841 589 1889 earum
608 1812 883 1910 inuelligandue,
903 1817 1154 1914 quaerendum,
1188 1815 1299 1890 fintne
1320 1817 1404 1889 ium

350 1919 399 1992 'ab
422 1916 495 2017 ipso
513 1916 669 2014 Tayloro
691 1917 865 2018 proditae,
893 1943 959 1990 nec
985 1943 1039 1998 ne,
1068 1915 1205 2019 Spiliips
1227 1915 1274 1991 est
1294 1941 1398 2016 opus

348 2018 548 2115 agendum,
573 2045 678 2118 quam
701 2019 796 2117 quod
809 2035 881 2092 tem
895 2021 968 2098 ‚cito
984 2019 1197 2118 expedietur,
1219 2037 1324 2118 etque
1339 2017 1400 2091 so·

354 2126 492 2199 mnium
511 2124 663 2220 imperiti
684 2144 825 2208 rerum,
863 2123 923 2220 qui
947 2118 1056 2195 limile
1078 2123 1173 2222 quod
1205 2123 1398 2220 negotium

209 2264 213 2277 =
326 2302 328 2309 ,
359 2246 539 2322 uunquam
566 2218 767 2297 ualidum.
823 2225 901 2296 Deo
923 2226 1027 2296 vitam
1047 2240 1275 2323 prorogante,
1306 2247 1398 2296 coe-

204 2388 214 2426 ,
349 2339 491 2428 ptaqu'e
514 2320 624 2396 nostra
645 2322 863 2413 fortunente,
892 2329 1116 2423 peruenietur
1136 2327 1176 2398 ud
1198 2325 1286 2398 hanc
1302 2351 1399 2424 quo·

211 2481 214 2488 -
351 2445 430 2531 ‘que
440 2426 582 2499 tandem
595 2424 929 2525 aliquandometrm.
960 2430 1140 2500 »Mortem
1155 2428 1336 2513 escendere
1354 2428 1398 2501 li·

352 2544 430 2617 scer,
443 2528 526 2601 saltu
539 2523 697 2627 superare
710 2542 873 2621 negatum
893 2524 951 2601 est.
999 2532 1145 2601 Strenue
1154 2523 1267 2601 modo
1282 2544 1397 2629 etque

360 2633 515 2706 alacriter
545 2644 585 2701 et
607 2628 806 2717 liberaliter,
840 2644 1015 2728 quotquot
1042 2631 1166 2703 volunt
1195 2632 1397 2703 literatum

352 2756 504 2829 grecae
517 2726 650 2803 studiofi
665 2731 791 2816 videri,
808 2746 932 2829 coeptu
947 2754 1023 2803 mea
1036 2730 1234 2809 secundent.
1266 2736 1397 2804 Emen-

353 2836 407 2908 ‘do
430 2858 520 2933 opor
540 2849 578 2904 et
596 2828 845 2935 mgoeoooguir
861 2831 997 2904 cursum
1012 2837 1084 2906 eius
1098 2834 1307 2921 accelerent,
1332 2860 1398 2907 ne·

352 2961 431 3037 que
453 2935 564 3009 {inunt
584 2960 642 3007 me
660 2934 721 3007 sub
741 2958 850 3006 onere
870 2933 1064 3025 sumtuum,
1096 2940 1162 3007 cui'
1174 2936 1317 3009 ferendo
1340 2935 1397 3008 so-

363 3040 417 3111 lus
434 3064 500 3132 ego
516 3062 577 3135 par
592 3062 664 3108 non
683 3036 774 3122 lum,
790 3032 1031 3131 ,succumbere
1077 3036 1188 3110 Pudet
1210 3037 1324 3110 dicere
1337 3076 1395 3095 -··

352 3140 427 3212 Sed
449 3164 585 3238 paream
608 3137 733 3236 pudori
751 3138 855 3208 huius
878 3135 998 3226 seculi,
1017 3142 1160 3238 eiusque
1180 3138 1220 3211 od
1234 3137 1394 3239 posteros

352 3240 496 3328 demae,
534 3239 729 3332 diligentius
751 3242 876 3325 etiam,
916 3254 1019 3339 qua'm
1040 3240 1150 3339 ipsum
1171 3240 1248 3314 suae
1268 3244 1393 3341 parcit,

276 3355 280 3362 ‘
354 3336 619 3441 ‘surpedillm
642 3354 680 3412 et
701 3350 811 3440 paene
832 3340 1028 3415 incredibile
1044 3340 1122 3428 est,·
1143 3367 1246 3442 quarn
1265 3346 1299 3415 in
1317 3344 1392 3415 hoc

363 3459 434 3516 tam
451 3441 557 3514 arduo
572 3466 679 3541 opere
686 3486 703 3530 ,.·
713 3460 787 3513 tem
810 3442 853 3513 ed
866 3442 1008 3536 gloriam
1030 3446 1174 3544 patriae,
1196 3460 1266 3517 tam
1280 3445 1323 3522 ad
1335 3470 1392 3517 or·

352 3558 524 3618 nimenta
544 3544 714 3617 bonarum
733 3546 859 3645 ertium
883 3549 1097 3643 pertinente,
1137 3572 1156 3619 e
1176 3544 1392 3644 libemliete,

353 3660 437 3720 ³non
460 3646 569 3718 dicam
591 3646 744 3744 publice,
765 3670 854 3743 quae
875 3646 939 3720 hac
963 3662 1073 3723 aetate
1086 3645 1206 3721 firdlra
1224 3648 1393 3748 speretur,

352 3749 420 3823 i'ed
439 3776 459 3820 a
480 3751 613 3846 priuata
633 3772 755 3820 eorum
770 3746 833 3821 fim
849 3748 1016 3837 deiertua,
1039 3755 1098 3849 qui
1114 3750 1226 3825 bonae
1240 3752 1393 3825 literatu-

247 3885 251 3898 ·
353 3876 436 3938 roe,
461 3868 498 3922 et
512 3876 650 3944 graecae
663 3852 830 3949 imprimis
848 3848 986 3925 statores
1002 3853 1118 3926 haben'
1136 3854 1268 3927 volunt
1299 3858 1388 3928 Non

355 3953 397 4025 'hi
413 3950 516 4026 modo
532 3978 603 4053 non
622 3953 885 4045 commendant,
910 3954 1005 4054 quod
1017 3954 1132 4037 fecere
1144 3968 1315 4059 poteraut
1337 3970 1389 4027 rt·

353 4088 361 4097 ,
1312 4080 1386 4157 qm
