3100 4800
255 442 403 527 για
495 422 497 433 ·
650 382 1014 501 unumne

511 551 515 583 Ι

339 652 342 663 ·
405 630 487 700 ιῐ7.
508 614 586 709 pen.
635 608 781 707 praetuli
793 604 892 698 αὐτῷ,
918 634 998 679 nam
1016 610 1108 678 inter
1121 600 1154 677 se
1167 611 1359 703 opponun«⁴

325 724 386 785 tur
401 712 594 810 relinquere
607 706 713 797 bona,
739 726 775 781 et
789 706 903 781 relitta
918 709 1126 791 conseruare,
1149 725 1257 805 pater,
1281 734 1350 779 non
1389 763 1393 778 .
1417 715 1418 718 ’

327 810 391 886 sibi
404 829 539 885 tantum
554 838 637 911 opes
656 834 840 911 quaerens,
870 810 926 881 sed
942 837 996 883 eas
1011 808 1083 881 filio
1100 830 1241 907 quoque
1258 810 1354 879 relin-

329 940 451 1013 quens,
475 930 511 990 et
528 940 569 991 ex
582 914 685 987 altere
702 928 799 1012 perte
816 910 904 983 filius
920 912 1019 985 heres
1030 906 1139 984 faetus
1154 936 1354 1006 magnarum

246 1012 251 1019 ’
329 1042 460 1115 opum,
486 1040 567 1114 quas
584 1040 627 1087 ne
634 1013 696 1111 fibi
714 1013 852 1113 quidem
869 1013 1356 1111 conseruarepotuit,nedu1n

333 1132 372 1191 vt
385 1120 495 1204 aheni,
521 1115 591 1188 filio
612 1116 688 1203 sue,
710 1116 927 1214 relinqueret
1035 1158 1039 1169 ·

414 1262 493 1331 119.
518 1260 548 1318 α.
597 1242 720 1312 Poetae
745 1237 805 1337 ipfi
835 1238 1078 1337 saepenumero
1108 1239 1145 1309 in
1165 1235 1308 1322 fabulis,
1334 1233 1358 1308 fi

337 1366 422 1441 quas
439 1368 459 1413 a
478 1338 509 1411 se
533 1338 670 1440 scriptas
684 1340 838 1428 ederent,
858 1356 971 1439 partes
985 1336 1189 1411 histrionum
1207 1337 1358 1432 agebant

309 1476 317 1487 ¹
337 1442 432 1519 Idem
456 1428 553 1538 saepe
567 1457 602 1513 et
616 1458 720 1541 poeta
734 1457 769 1516 et
784 1438 875 1514 atior
887 1441 1020 1514 fabulae
1035 1455 1115 1512 erat.

418 1558 502 1656 20'9.
531 1578 563 1651 Β.
612 1566 696 1637 Noli
715 1566 867 1661 Taylor'o
892 1560 1055 1637 assentire.
1096 1563 1249 1638 multum
1271 1562 1359 1633 diffe-

335 1680 427 1741 runt
451 1662 540 1738 inter
567 1666 599 1737 se
622 1662 787 1763 συγγενής
807 1682 843 1740 et
864 1663 1016 1759 ἐγγενὴς.
1066 1662 1277 1765 Lipsienses,
1300 1663 1361 1761 ‘qui

217 1822 222 1838 ,
285 1764 287 1777 ’
341 1768 485 1867 quidem
508 1782 611 1861 gente
633 1774 780 1840 Saxones
794 1768 850 1841 vel
869 1769 1003 1841 Misnici
1018 1766 1111 1853 sunt,
1143 1793 1267 1839 omnes
1291 1764 1361 1837 sunt

214 1876 218 1881 “
342 1870 416 1942 mei
429 1866 583 1963 ἐγγενεῖς.
630 1874 776 1958 nationis
792 1874 883 1942 enim
899 1896 963 1941 nos
983 1868 1136 1941 eiusdem
1153 1870 1279 1940 sumus.
1293 1892 1361 1965 per-

344 1994 476 2069 paucos
499 1988 613 2041 autem
634 1970 761 2071 Lipfiae
782 1972 892 2043 habeo
918 1976 1085 2065 συγγενεῖς
1115 1969 1279 2063 sanguine
1299 1994 1362 2038 me·

203 2105 205 2114 ⁴
347 2096 430 2148 cum
463 2068 673 2147 coniunuos.
722 2076 780 2146 Ne
809 2071 879 2170 ipse
904 2074 1045 2171 quidem
1066 2070 1314 2146 Demosthenes
1332 2066 1363 2138 se

348 2168 522 2245 Aeschinis
545 2172 675 2246 serebat
695 2171 859 2271 συγγενῆ,
885 2190 920 2245 et
933 2170 1260 2272 puduissetquidem
1272 2171 1367 2241 illum·

347 2270 414 2359 τῆς
426 2270 619 2369 συγγενείας
634 2302 715 2347 cum
728 2278 816 2363 hoc;
841 2276 1081 2360 Atheniensem
1095 2292 1213 2347 tamen
1229 2290 1297 2344 tam
1310 2272 1363 2341 bo·

349 2398 400 2449 no
421 2377 495 2448 iure
519 2378 627 2450 aiebat
646 2372 727 2466 effe,
759 2374 907 2478 quamsi
936 2382 995 2476 qui
1015 2377 1098 2450 alius
1121 2374 1206 2451 esset
1230 2376 1363 2474 optimo,

353 2503 467 2575 eoque
487 2475 606 2574 ἐγγενῆ
626 2483 714 2566 eius,
739 2497 775 2554 et
797 2481 907 2552 multo
929 2483 1031 2552 etiam
1047 2483 1170 2576 magis,
1195 2503 1296 2578 quam
1310 2482 1363 2544 Ae⁴

237 2651 238 2654 ,
351 2575 530 2666 schinem,
562 2607 666 2678 quem
693 2581 838 2675 negabat
858 2587 1048 2674 ingenuum
1069 2577 1144 2654 esse.
1194 2579 1305 2650 Nobis
1326 2570 1367 2646 est

353 2677 497 2767 ἒγγενιίς
513 2681 634 2754 eodem
651 2709 670 2753 e
683 2687 871 2783 municipio
884 2684 1061 2782 populoue
1077 2685 1258 2756 nobiscum
1268 2680 1368 2775 oriun-

258 2787 261 2796 ‘
355 2777 429 2852 (ius.
455 2778 555 2854 unser
567 2783 791 2863 Landsmmn.
818 2780 978 2882 σνγγενῆς
991 2802 1107 2858 autem
1120 2799 1295 2880 cognatus,
1316 2803 1367 2849 un·

354 2879 706 2958 seiBlutsuerwanter.
1235 2915 1238 2921 ·

433 3028 516 3080 212.
543 3009 601 3086 vlt,
651 3011 692 3080 ad
716 3023 834 3084 notam
853 3007 970 3081 Wolfii
992 3013 1038 3096 (n.
1055 3013 1115 3099 21.)
1135 3005 1368 3106 Adoptetionet

358 3107 528 3181 eiusmodi
550 3135 663 3182 merae
685 3129 784 3184 erant
802 3113 1054 3198 coeremoniae,
1075 3110 1199 3208 quibus
1222 3109 1295 3193 ille,
1317 3103 1368 3200 qui

358 3205 506 3280 alterum
528 3210 721 3308 adoptaret,
746 3215 850 3285 animi
871 3210 921 3284 sui
941 3213 1155 3284 voluntatem
1167 3203 1367 3282 solummodo

359 3331 442 3400 erga
455 3335 536 3382 eum
550 3312 755 3386 declaratum
768 3319 845 3402 iret,
865 3329 903 3385 vt
917 3311 941 3384 fi
958 3315 1034 3412 quis
1049 3313 1151 3385 hodie
1165 3337 1223 3384 rex
1236 3309 1367 3382 taeniam

361 3431 444 3496 cum
466 3409 586 3506 infigni
607 3414 733 3488 ordinis
756 3415 896 3488 alicuius
918 3410 1078 3515 equestris
1094 3414 1268 3487 nobilioris
1282 3405 1368 3482 alicui

361 3511 543 3613 appendat.
648 3559 650 3574 .

271 3729 276 3736 Ι
438 3659 525 3726 215.
573 3639 609 3708 in
636 3649 719 3708 note
744 3663 777 3710 n.
802 3661 855 3734 γα.
883 3640 1074 3734 Taylorum
1096 3641 1218 3712 erroris
1238 3629 1368 3708 immeri-

362 3749 442 3808 tum
463 3735 664 3812 infimulaui.
713 3743 798 3815 Non
816 3743 864 3827 is,
884 3741 940 3814 sed
960 3767 1084 3839 operae
1104 3730 1369 3813 Francfurtenses,

363 3835 399 3910 id
427 3839 523 4010 ἓιιοᾶ
543 3865 638 3917 nuno
662 3841 803 3916 demum
822 3842 939 3936 rideo,
968 3843 1124 3919 notulam
1138 3829 1370 3938 Wolfiijom'se

365 3963 427 4014 ran
792 3995 797 4007 ,

1246 4093 1322 4167 234.
1340 4067 1367 4136 o
