3100 4800
371 456 448 530 410
491 522 496 537 .
557 498 559 503 .
729 442 1065 534 n12n1n0r
1342 445 1383 533 56

374 622 433 709 di„
447 616 506 691 nisu
523 618 690 689 rationem
706 611 789 706 gesti
803 612 1013 708 magistratus
1029 614 1220 694 reddiderit
1249 620 1382 718 Respou

373 724 450 810 det,
473 720 518 793 οὐ.
547 716 642 793 nullo
666 716 769 787 modo
785 741 850 809 ego
871 719 939 789 hoc
961 735 1059 806 veto,
1083 718 1140 789 sed
1158 723 1249 817 leges
1270 738 1383 793 vetent.

372 828 521 897 Patrium
545 822 655 905 enim,
683 819 775 890 auito
792 846 890 891 more
905 820 1085 904 sancitum,
1111 820 1179 895 hoc
1196 824 1284 922 apud
1296 824 1384 921 ipsos,

372 922 594 1001 Athenienses
620 936 718 1019 puta,
748 948 819 992 non
842 920 905 1008 est,
928 926 1007 994 ante'
1023 921 1195 997 -redditam
1219 930 1383 1013 rationem,

374 1052 584 1131 quemquem
608 1022 771 1094 coronari.
823 1024 873 1094 Ad
896 1023 979 1095 illud
999 1022 1037 1095 οὗ
1061 1021 1105 1093 src
1129 1026 1220 1099 nude
1247 1025 1381 1125 positum

375 1130 570 1205 subauditur
584 1154 603 1197 a
618 1126 796 1195 communi
815 1152 834 1195 e
851 1124 1079 1225 superioribus
1094 1130 1317 1229 repetendum
1340 1152 1383 1203 ςε·

372 1224 642 1329 φανωθὴσετοᾳὴ
658 1224 771 1313 βουλὴ,
796 1240 872 1299 tum
888 1230 1001 1326 pergit
1013 1243 1128 1300 orator
1142 1232 1241 1303 uliam
1255 1231 1321 1332 ipse
1331 1228 1382 1301 fibi

373 1334 562 1407 obmouere
579 1328 642 1400 ase
659 1324 841 1401 confidem
855 1325 1092 1417 obiestionem,
1113 1348 1172 1407 aut
1186 1333 1382 1419 aduersarios,

371 1432 640 1511 Demosthenem
657 1446 758 1529 atque
775 1428 1041 1529 Ctesiphontem,
1057 1433 1102 1508 fic
1116 1450 1331 1507 occurrentes
1343 1438 1382 1505 in·
1420 1475 1422 1490 ‹

372 1540 475 1611 ducit.
524 1540 660 1629 Ergone
691 1532 786 1607 nullo
816 1532 990 1607 ducuntur
1023 1536 1245 1611 Athenienses
1270 1536 1382 1631 gloriae

373 1640 510 1713 studio?
536 1661 664 1731 ergone
678 1634 863 1728 degeneres
879 1636 965 1723 sunt,
989 1642 1112 1713 minuti
1126 1641 1246 1726 animi,
1267 1636 1383 1721 sordidi,

373 1760 408 1816 et
429 1737 621 1814 officiorum
644 1752 746 1835 atque
769 1754 1051 1811 ornamentorum
1081 1744 1117 1812 in
1138 1738 1170 1812 se
1193 1739 1384 1813 collatorum

373 1842 618 1919 immemores?
643 1838 846 1937 Respondet.
872 1845 1094 1940 Neutiquam.
1111 1842 1412 1931 ducunturenim·„

372 1970 454 2019 vero
481 1940 661 2039 gloria'vel
685 1945 846 2029 maxime,
878 1944 1164 2045 contenduntque
1187 1944 1277 2016 bene
1298 1943 1339 2040 de
1357 1941 1383 2013 se

371 2050 514 2121 meritos
531 2044 643 2117 studiis
658 2044 832 2115 demereri.
883 2044 949 2117 Sed
962 2046 1036 2117 satis
1055 2074 1126 2119 non
1142 2047 1271 2121 habent
1286 2049 1319 2117 in
1332 2044 1382 2115 suo

283 2158 290 2181 “
317 2230 320 2243 Ι
373 2151 497 2223 iudicio
513 2164 547 2219 te
564 2146 1015 2244 innocentemdeprehendi‚
1041 2150 1118 2248 plus
1138 2148 1297 2243 flagitant.
1325 2152 1382 2217 Vo-

371 2254 449 2325 lunt
463 2268 498 2323 te
515 2245 704 2348 praeclarae
719 2251 853 2319 virtutis
870 2249 1079 2323 documenta
1093 2246 1238 2326 edidisse.
1269 2252 1323 2321 Sin
1337 2274 1385 2319 nu·

242 2421 250 2436 .
369 2370 443 2428 tem
466 2352 665 2452 deliquerim
705 2349 882 2425 seueritate
912 2352 1207 2429 animaduerfionis
1237 2350 1384 2451 uleiscun·

273 2473 275 2480 ’
368 2475 435 2532 tur.
488 2483 669 2526 nursnn.

421 2583 480 2652 95.
505 2541 562 2632 u'dt
584 2551 652 2654 γάρ
668 2547 831 2652 πάτριον]
856 2559 893 2625 F.
917 2552 954 2627 οὐ
973 2549 1046 2653 ‘yde
1070 2597 1122 2614 -
1143 2589 1157 2655 3
1177 2559 1384 2650 Nonnepunt

369 2685 438 2731 curn
455 2661 509 2730 hoc
524 2659 587 2753 est?
635 2661 741 2728 Nonne
756 2661 834 2726 hunc
846 2682 960 2729 morem
975 2657 1175 2730 artemonibus
1189 2661 1383 2753 acceperunt?

368 2767 468 2838 Hanc
485 2760 684 2834 sententiam
699 2758 874 2847 retinebo,
899 2757 983 2832 dum
997 2759 1095 2833 oliam
1116 2759 1296 2834 meliorem
1316 2757 1384 2830 edo

272 2903 276 2920 ι
368 2859 441 2934 stus
459 2861 566 2934 fuero.
615 2885 807 2938 worrrvs,
1328 2889 1332 2898 ·

418 2954 471 3039 ddi
483 2959 550 3060 γάρ
565 2955 703 3060 onningun
721 2957 839 3032 αὐτοῖς
856 2959 944 3056 sein]
975 2955 1097 3034 Deeffe
1113 2959 1249 3048 ridetur
1270 2958 1384 3058 aliquid

368 3083 447 3140 unte
464 3067 523 3138 has
540 3089 659 3147 voces,
683 3059 741 3134 nifi
757 3063 976 3155 intelligendu
998 3061 1239 3156 srtNegatiuo,
1264 3080 1302 3134 vt
1314 3087 1385 3133 mox

368 3169 388 3240 l.
408 3193 443 3240 n.
460 3171 608 3242 anteire
623 3189 670 3260 γε,
696 3190 944 3240 nnnreuuo.
993 3164 1078 3252 Vide
1103 3191 1189 3264 quae
1213 3161 1385 3236 didurisu·

367 3297 445 3342 mus
468 3269 507 3342 ed
528 3295 559 3368 p.
582 3289 660 3362 435.
690 3265 777 3356 l.13.
825 3271 873 3338 Ea
893 3269 997 3361 igitur
1024 3269 1089 3337 erit
1109 3293 1206 3337 mens
1229 3261 1386 3340 Austoris.

304 3379 306 3385 '
365 3378 473 3444 Etiam
492 3375 557 3441 Lex
574 3369 739 3442 Concilium
756 3377 1001 3468 Areopagiticunr
1024 3367 1257 3464 complentur,
1274 3365 1385 3467 grund-

221 3507 224 3518 ·
360 3474 509 3574 strnojilne
524 3499 572 3542 eos
588 3469 781 3568 rrnugnstrutus
799 3470 894 3563 vestro
909 3477 1048 3542 examini
1055 3467 1190 3565 fiebiicn't.
1238 3471 1324 3567 Quid
1343 3493 1385 3537 er·

285 3571 289 3585 '
361 3579 431 3676 go?
458 3575 590 3670 inquiet
604 3572 739 3668 aliquis:
767 3576 1047 3666 Quantumon'deo,
1070 3577 1286 3642 retinentum
1301 3585 1385 3639 erunt

316 3739 320 3747 .
368 3680 558 3762 reddendae,
579 3671 633 3744 nbi
653 3669 741 3768 ccfflut
762 3673 977 3771 ivlugissrutus.
1024 3673 1081 3768 iste
1103 3693 1208 3753 auten
1227 3697 1295 3744 cunr
1308 3669 1386 3764 solus

369 3787 503 3880 nennium
523 3785 554 3848 in
571 3777 627 3845 bac
644 3781 771 3844 ciuitate
779 3773 823 3868 stt
836 3793 1016 3868 perpetuus,
1040 3780 1241 3869 Nunquamne
1254 3796 1325 3873 ergo
1342 3797 1384 3842 co·

369 3877 533 3960 redebitur
558 3879 687 3946 Senatus
711 3877 964 3972 Areopugitn'cu's?
1012 3878 1151 3968 [Non]
1188 3879 1234 3947 Ea
1248 3873 1288 3968 est
1309 3882 1384 3944 enirn

370 3985 514 4051 Corudr'cio
533 3978 652 4072 Officii,
676 3996 710 4044 vr
726 3985 871 4048 coronari
889 4001 947 4048 non
956 3978 1092 4070 pofflnt:
1117 3987 1145 4049 n'e’
1156 4000 1260 4057 mores
1277 3979 1386 4069 patrii.

346 4182 351 4191 Ι
367 4085 452 4178 Quid
467 4085 560 4180 ergo?
594 4101 653 4149 non
667 4079 822 4149 ducuntur
837 4079 942 4174 studio
955 4080 1101 4150 honoris?
1135 4103 1209 4185 nunu
1230 4085 1384 4247 ennunti-

1292 4199 1319 4248 ει
1368 4199 1388 4244 u
