3100 4800
214 544 217 549 Ι
352 446 672 542 tucrtoms
719 448 1066 551 Aescumuau.
1166 468 1240 555 77¹

210 624 461 709 ceMndiano
483 624 704 724 suppeditata
752 624 888 698 Scholia
905 645 1019 701 autem
1036 623 1239 712 eBeinanli·

210 753 260 801 no
281 726 462 825 depromta
485 730 521 797 in
542 727 603 798 illo
625 726 732 796 altero
746 728 1257 827 volumine,Stephaninoera¹

212 843 358 903 tauerat.
406 827 538 920 Codicis
546 826 717 900 Meadiani
730 828 819 899 hanc
836 830 904 929 ipse
920 836 1076 908 notitiam
1091 837 1237 935 reliquit,

210 928 310 1018 [eoa
325 930 396 1001 Viri
409 925 713 1027 praecellentillrmi
727 932 796 1000 Ric.
811 933 914 1003 Mead
936 934 1028 1005 Med.
1044 942 1085 1007 D.
1103 940 1239 1011 Archia-

210 1034 274 1117 tri,
295 1030 542 1125 bombycinus,
565 1030 708 1127 scriptus
729 1033 843 1103 manu'
856 1034 1017 1125 eleganti,
1040 1036 1096 1108 sed
1121 1064 1238 1113 recen·

209 1134 309 1218 tiori,
328 1130 473 1218 infolio,
496 1158 575 1203 cum
589 1130 725 1203 scholiis
733 1134 981 1226 marginalibuS,
996 1137 1237 1236 complebitur

218 1259 251 1307 ι.
279 1230 451 1305 Aeschinis
482 1258 530 1303 or.
555 1230 866 1333 neglectamque.
920 1262 952 1313 a.
982 1238 1248 1335 asael-seoriam

209 1358 245 1433 3.
269 1332 423 1432 epistolas
451 1340 516 1407 XII.
550 1350 586 1405 et
607 1330 729 1405 deinde
747 1361 862 1407 manu
873 1336 1085 1433 aliquantum
1109 1344 1244 1419 diuerllr

210 1456 246 1527 4
278 1438 469 1507 orationem
490 1438 527 1507 in
546 1437 781 1507 Timarchum.¹
841 1430 873 1529 52
901 1440 1111 1533 Pythagorae
1134 1470 1236 1521 aurea
1302 1472 1304 1480 ’

209 1538 369 1608 carmina.
417 1543 453 1610 6.
477 1537 649 1631 Hieroclis
659 1542 851 1614 Comment.
868 1538 909 1608 ad
918 1540 973 1610 illa
986 1546 1143 1615 carmina.
1167 1552 1235 1619 An·

208 1655 248 1709 te
269 1642 468 1710 orationem.
483 1642 628 1735 primam
650 1654 892 1731 argumentum
913 1642 974 1713 τοῦ
988 1643 1053 1725 τῆς
1067 1669 1237 1743 auectam,

208 1742 310 1811 ouius
329 1742 465 1813 initium
477 1730 632 1821 &Sanctior
642 1744 801 1833 φιλίππῳ
813 1738 1062 1833 πολεμήσαντες
1071 1748 1112 1817 ad
1128 1746 1236 1823 linem

210 1832 267 1913 ὅτι
281 1826 434 1927 ἠδυνήθη.
466 1847 557 1911 Ante
579 1855 660 1913 orat
677 1844 713 1911 in
726 1843 952 1917 Timarchum
968 1846 1037 1915 vita
1050 1846 1236 1939 Aeschinis,

209 1945 311 2013 cuius
325 1944 397 2017 init.
412 1942 572 2033 Αἰσχίνης
587 1932 623 2024 ἦν
635 1938 727 2039 αἰνῆς,
748 1943 826 2015 Scil.
850 1939 1041 2015 cll-Libanii
1053 1972 1236 2041 argumen-

209 2058 289 2113 tum
315 2042 476 2115 orationis
499 2040 673 2113 Demosth.
686 2068 724 2117 π.
740 2066 899 2142 aequate.
947 2048 1045 2117 Prior
1059 2056 1137 2145 pars
1154 2076 1235 2125 con·

207 2142 273 2217 {lat
291 2144 411 2217 decern
429 2143 718 2241 quaternionibus.
743 2142 909 2241 pollerior
930 2172 1077 2236 nouem,
1110 2154 1170 2249 qui
1191 2152 1236 2225 de
1379 2142 1383 2157 ’

200 2249 347 2341 ¹integro
384 2260 617 2317 numerantur.
680 2250 819 2317 Caetera
845 2250 1019 2319 'recentior
1048 2254 1253 2351 potiorque,

115 2407 120 2416 .
209 2374 289 2448 pars
313 2346 437 2420 eodem
461 2345 593 2425 saeculo
617 2346 929 2438 exaratavirletur]
949 2346 1122 2428 Hellenos
1145 2358 1237 2452 Tay.

210 2451 274 2522 lor.
322 2454 387 2521 His
403 2453 439 2521 in
453 2449 628 2522 codicibus
644 2449 785 2545 Taylori
809 2449 952 2548 praestat
966 2456 1108 2525 veritate
1122 2453 1238 2532 lollio·
1278 2495 1280 2506 =
1364 2541 1366 2554 Ι

209 2577 299 2626 num
320 2551 558 2637 Lockeranus,
579 2550 637 2622 led
656 2552 683 2622 is'
697 2551 789 2624 haud
802 2553 952 2644 integer,
977 2551 1131 2628 definens
1146 2561 1237 2635 circa

210 2651 320 2725 linem
341 2655 504 2726 orationis
523 2654 651 2749 primae
667 2654 703 2722 in
717 2651 821 2726 verbo
832 2649 977 2748 ,φυγόντι
989 2679 1065 2754 pag.
1077 2671 1159 2750 .169.
1173 2683 1237 2744 το.

211 2755 426 2850 Harleyanus
449 2755 534 2825 item
549 2756 713 2846 ¹egregius
737 2752 801 2839 ell,
817 2753 881 2826 led
904 2757 988 2828 huic
1013 2757 1103 2830 deest
1126 2765 1238 2834 oratio

117 2848 118 2855 ἵ
207 2861 330 2960 prima
376 2855 572 2929 Bemordini
593 2880 699 2951 penes
724 2879 782 2926 me
806 2857 944 2952 quidem
963 2884 1171 2951 magnanon
1188 2861 1245 2940 est
1335 2943 1338 2953 .

209 2954 408 3044 austoritas,
430 2980 504 3028 non
525 2955 861 3041 maximaMeadiani
910 2957 1046 3034 Oblitus
1068 2962 1141 3034 lum
1154 2990 1237 3061 pau·
1330 2997 1333 3006 ’

210 3063 248 3132 lo
263 3075 343 3130 ante
355 3058 515 3130 codicum
529 3052 752 3130 Parilinorum
768 3059 981 3130 mentionem
995 3059 1121 3148 facere,
1145 3069 1236 3138 Cois-

207 3162 330 3235 liniani
342 3161 460 3248 vnius,
483 3174 519 3230 et
534 3173 681 3256 quatuor
694 3159 885 3251 regiorum,
907 3185 1057 3258 quorum
1071 3163 1242 3240 lolliones

152 3281 158 3288 “
210 3288 289 3337 eron
311 3261 471 3335 videntur
491 3255 738 3352 diligentillime
752 3256 819 3330 elle
834 3273 1009 3346 enotatae,
1034 3268 1186 3366 quisquis
1204 3273 1249 3340 0:

212 3365 357 3438 notauit
407 3362 568 3434 Peruenit
588 3360 705 3436 adme
723 3363 760 3432 in
777 3359 911 3434 :schedis
928 3362 1239 3457 Taylorauisaolu·

213 3491 297 3539 men
318 3459 700 3564 quoqueepistolarum
720 3461 908 3548 Aeschinis,
930 3480 1069 3562 proutn
1085 3469 1249 3561 ‘taylorm

212 3567 293 3644 sunt
314 3565 440 3654 editae,
471 3565 597 3638 chartis
617 3566 701 3636 item
716 3558 931 3642 distinam,
968 3565 1091 3662 quibus
1110 3569 1238 3644 alantis

213 3667 353 3764 Taylor.
372 3665 539 3766 inscripsit
560 3668 738 3738 varietates
759 3660 912 3739 lellionis
929 3691 949 3738 e
967 3667 1242 3746 dnobusobdici-

215 3772 282 3844 bus
305 3784 477 3861 enotatas,
499 3793 587 3866 quos
610 3765 745 3839 codices
766 3764 827 3864 ipli
840 3761 968 3864 placuit
983 3765 1137 3846 literisat
1152 3787 1190 3846 et
1205 3779 1240 3848 Β.
1368 3766 1370 3774 ’

174 3896 178 3904 ’
215 3867 405 3966 defignare,
430 3870 523 3942 nulla
537 3868 647 3942 addita
658 3886 750 3958 nota,
774 3872 901 3942 cuiates
916 3867 1251 3976 illicodicesellonts,

216 3973 326 4074 Quot
341 3972 557 4083 proindepme
573 3996 714 4080 quoque
729 3965 864 4148 ngcelle
885 3967 932 4044 est
945 3972 982 4050 in
995 3973 1253 4058 lacerosum,

404 4091 411 4100 ·
504 4109 509 4116 ·
762 4093 868 4182 ,πῆ
1126 4099 1245 4177 auae«
1359 4093 1365 4103 ·
