3100 4800
115 183 323 354 μ’-

272 377 278 389 ·
410 326 908 458 'oraturio'
1062 379 1193 462 ,xxix

135 561 218 636 sitim
233 561 332 652 esse,
360 561 448 636 siue
464 561 611 636 statim
601 591 639 639 ιιι
663 561 823 638 subiestis
838 562 1195 656 animaduersionibus,
1294 507 1298 520 ἡ
1431 582 1435 593 ’

134 665 226 737 sue'
216 693 257 739 ιιι
280 620 389 741 libro
414 669 645 753 variantium,
675 667 831 756 confido,
857 671 1104 768 aprimigeniis
1128 667 1194 741 illir

134 769 370 944 edcpppnibus,
406 767 596 842 admomto
618 723 746 870 rbique
767 771 927 846 locorum
947 765 1190 860 lestoreffisas

490 1236 696 1312 mertone
722 1240 862 1338 Trysorr'.

215 1371 430 1468 Taylorum
453 1372 619 1445 decuerat
636 1371 778 1472 perinde
809 1387 949 1451 caumm
978 1367 1087 1450 fuisse.
1135 1373 1196 1446 nlo

143 1499 249 1558 sero,
285 1475 387 1572 proh
418 1473 590 1562 dedecus,
621 1473 808 1548 editionem
829 1472 1069 1548 Demosthenis
1092 1489 1225 1574 atquo·

146 1575 344 1660 Aeschinis,
371 1601 395 1648 a
409 1603 480 1670 qua
491 1575 651 1648 sutorum
664 1576 889 1675 sperabamus,
916 1593 953 1648 vt
967 1601 1087 1650 omnes
1104 1579 1195 1666 oliae,

147 1681 373 1777 antiquiores
400 1695 516 1765 certe,
553 1679 799 1766 obruerentur,
840 1677 1048 1751 Wolsianum
1075 1683 1197 1750 vtn'us

149 1807 220 1878 que
244 1776 404 1852 auctoris
428 1780 629 1900 exemplum
653 1785 766 1879 operis
792 1777 858 1852 suis
884 1779 1119 1853 recudendum
1141 1781 1198 1853 de-

146 1884 221 1968 dit,
250 1907 329 1980 quo
352 1896 499 1980 turpem
523 1885 622 1980 open’
651 1879 711 1954 suo
731 1883 899 1954 maculam
921 1879 1018 1954 rnuss
1020 1899 1051 1970 t
1079 1881 1196 1954 leudes

146 1989 225 2056 eius
241 2009 362 2082 poene
376 1981 562 2083 prostrauit
577 2007 713 2070 omnes,
737 1981 854 2056 effecit
880 2009 923 2056 ue
938 1999 976 2056 ιι
997 1983 1099 2080 editio
1116 1989 1199 2056 Can·

146 2083 395 2180 rabugaens
359 2113 376 2157 s
419 2084 525 2158 sidem
539 2082 766 2159 lefflonumfi
788 2011 936 2184 spodos,
962 2070 1063 2158 etiam
1087 2083 1198 2158 Parisi
1205 2172 1216 2193 ν

151 2183 286 2260 naefit
302 2144 547 2285 postbabenda.
583 2191 766 2286 Perpetuo
789 2213 870 2260 cum
892 2183 1017 2259 Wolfio
1041 2189 1198 2286 queritur
1264 2213 1270 2224 ’

151 2309 190 2362 et
208 2293 364 2378 rixatur,
389 2295 427 2362 in
445 2315 596 2388 eumque
611 2287 765 2374 desaeuit,
788 2306 826 2359 ιι
845 2291 928 2362 terti
946 2307 1197 2388 corruptorem.

154 2400 229 2467 Cur
262 2394 379 2487 igitur
410 2418 558 2465 coecum
586 2391 714 2464 ducem
736 2390 844 2465 sciens
870 2391 1036 2490 sequeris,
1073 2387 1197 2465 resistis

113 2453 116 2538 i
155 2496 311 2567 oculatis
334 2495 500 2581 ducibus,
523 2520 584 2593 qur
573 2492 731 2668 praesto
757 2511 870 2581 mant,
894 2520 1025 2593 quosv
1004 2494 1062 2565 vsu
1083 2498 1199 2589 cogni·

155 2614 213 2669 tos
230 2597 419 2669 habebas?
469 2602 537 2669 Cur
550 2596 584 2667 le
630 2598 907 2695 onesrecoquis,
930 2622 1012 2695 quas
1036 2594 1198 2693 ipsetuto

156 2696 377 2799 imposturae
391 2700 583 2784 damnas,
574 2725 611 2770 ιιι
625 2712 768 2797 promtu
782 2724 862 2769 cum
885 2694 993 2771 essent
1014 2698 1199 2771 meliores?
1329 2707 1332 2717 '

160 2810 345 2888 ῦιιιιοιι,
367 2817 489 2895 vtego
504 2800 589 2887 seci,
613 2817 672 2873 aut
686 2800 929 2873 Moressranum
946 2797 1198 2886 Demosthenis,

165 2922 220 2976 aut
236 2906 498 3002 Stephanicum
524 2856 697 2975 Aeschinis
719 2898 915 3001 exempldm
936 2905 1049 3001 operis
1071 2904 1199 2973 tuisin

132 3034 291 3124 manus
313 3006 447 3080 dabas?
492 3010 587 3089 Quas
603 3021 640 3075 tc
658 3004 801 3075 decebat
823 3004 962 3075 mendas
985 3002 1118 3090 eluere,
1143 3028 1198 3077 oa

132 3081 200 3254 {ui
217 3126 258 3181 et
285 3105 437 3203 religiosi
461 3104 650 3179 editorisfi
681 3106 786 3177 velles
818 3088 971 3205 p'artibus
1001 3102 1199 3193 satisfacere,

135 3195 247 3310 quas
268 3213 368 3283 ultro
388 3226 506 3308 partes
524 3204 732 3306 suscepisses,
759 3233 822 3278 cur
843 3234 899 3279 eas
924 3206 1064 3279 mendas
1078 3231 1199 3306 propa·

175 3332 299 3407 patet
313 3313 426 3386 insciis
440 3326 549 3409 atque
562 3308 836 3408 imprudentibus
853 3310 1047 3381 chartarum
1061 3324 1200 3381 tuarum

175 3417 348 3513 splendore
370 3430 511 3487 tantum
534 3438 607 3483 non
629 3410 878 3483 commendas?
924 3414 1018 3483 Eane
1047 3408 1093 3481 est
1119 3408 1201 3482 defi-

178 3519 243 3591 dis?
293 3517 351 3591 Est
370 3520 470 3591 enirn
494 3540 581 3585 vero
606 3510 726 3585 defidia
747 3529 784 3583 et
802 3514 940 3607 ignauia
958 3511 1201 3600 inexcusabilis,
1338 3524 1341 3534 ’

141 3638 205 3693 :tt
296 3624 429 3694 imonia
455 3614 633 3711 ignobilis
685 3616 883 3708 (Originem
904 3612 1036 3714 mulip.
1061 3636 1144 3707 249.
1165 3628 1202 3686 et

172 3752 200 3825 p.
192 3750 286 3821 ..705
298 3728 456 3827 aperui.)
439 3724 549 3814 )'Tu
560 3742 644 3789 vero
657 3742 702 3789 ne
716 3714 925 3788 Wolfianum
940 3714 1078 3806 quidem
1093 3740 1204 3787 exem·

171 3829 254 3949 plum
284 3829 468 3903 socerum
500 3816 706 3893 reddidisti.
745 3815 1026 3913 Flagitiosiffimas
1049 3842 1205 3990 quasque

122 3930 406 4068 'nossessiones
424 3920 723 4020 cumresinquis
713 3936 892 4009 ιιιιιιιοιιι,
913 3936 949 3994 et
971 3918 1074 3993 uadis
1094 3915 1172 4025 post
1173 3946 1207 3991 e·

1152 4026 1209 4111 ris,-
