3100 4800
539 403 933 512 rarrrrrro.'
1101 542 1103 550 y
1177 443 1249 514 un
1298 409 1308 564 J

203 645 278 692 rans
290 644 361 712 ego
376 620 418 690 in
432 617 494 688 his
510 645 655 720 quoque
670 622 860 724 oratoribus
869 621 959 696 idem
972 614 1133 704 accidisse,
1150 623 1244 718 quod

203 725 235 791 in
246 723 450 794 Theocrito
474 737 514 790 ct
529 720 763 821 Demosthene
789 725 924 808 accidit,
950 737 987 792 vt
1009 719 1243 796 diuerfillimae
1313 773 1316 791 .

202 820 307 895 allent
319 823 363 894 ab
383 823 514 893 eodem
533 823 621 894 Aldo
635 825 753 895 iisdem
768 831 862 897 annis
873 828 1037 897 editiones
1052 824 1243 896 eorundem
1317 887 1323 909 p

136 924 137 927 ’
204 923 383 996 maurum
405 925 586 1021 proditae,
622 925 664 996 ad
684 928 908 1020 Theologum
936 925 1126 1008 lonensem,
1163 929 1244 996 Hir·

206 1031 304 1112 tium,
327 1030 447 1096 virum
472 1024 749 1100 humanilltmum
774 1033 911 1128 meique
929 1029 965 1098 in
988 1030 1105 1126 primis
1123 1018 1259 1098 lludio·⁸

209 1127 292 1212 lum,
313 1127 396 1199 dedi
420 1127 552 1222 literas,
578 1153 719 1219 rogans,
740 1144 780 1200 vt
799 1129 994 1232 exemplum
1008 1127 1092 1200 illud
1106 1129 1243 1200 lenense

205 1231 243 1300 ad
257 1257 311 1300 nae
324 1233 500 1300 mitteret.
547 1232 668 1301 Statim
683 1234 874 1329 impetraui.
923 1227 1051 1302 Nalius
1068 1230 1135 1302 vidi
1155 1233 1190 1302 in
1206 1231 1249 1302 ila

201 1332 234 1400 lo
251 1330 386 1403 lenenfi
402 1331 568 1427 exemplo
584 1332 740 1421 colligata
754 1349 791 1404 et
803 1331 978 1430 compasta
999 1319 1039 1424 iit¹
1056 1357 1163 1402 vuum
1184 1359 1242 1404 vo·
1338 1369 1341 1391 ι

201 1433 324 1505 lumen
340 1429 414 1504 elle
427 1434 535 1503 ambo
550 1433 607 1504 illa
622 1459 766 1532 corpora
781 1435 901 1506 Aldina
915 1459 1114 1527 graecorum
1132 1450 1249 1528 orato-¹

201 1562 296 1621 rum,
318 1535 474 1629 alterurn
489 1533 632 1640 scilicet,
656 1563 675 1606 a
695 1538 871 1634 Stephano
892 1535 1066 1622 recusum,
1097 1533 1241 1606 alterum

201 1637 423 1714 Hocratemn.
476 1641 559 1718 Quo
580 1635 652 1706 sum
676 1641 803 1709 certior
825 1633 948 1722 lulius,
980 1663 1107 1736 corpus
1132 1649 1242 1708 orato·

202 1765 281 1808 rum
295 1763 526 1831 graecorum,
549 1736 651 1823 illud,
673 1741 767 1838 quod
783 1739 963 1810 Aeschines
978 1756 1013 1812 et
1028 1736 1137 1834 Lyfias
1154 1753 1243 1808 cete·

203 1845 303 1937 rique
315 1845 475 1911 minores
489 1836 719 1929 constituunt,
744 1841 787 1913 ab
811 1843 898 1912 Aldo
918 1837 1091 1927 nouella,
1116 1836 1174 1912 nlfi
1198 1837 1243 1911 le·
1372 1845 1376 1858 ’

203 1943 294 2029 mel,
311 1943 461 2014 editum
762 1997 768 2013 .
903 1967 906 1978 ·
1213 1949 1227 1988 N

679 2144 707 2229 t.
757 2157 791 2215 2.

457 2307 508 2380 De
529 2307 663 2378 editione
690 2311 822 2379 Hearr'ci
843 2311 1001 2407 Steplrarr‘.

281 2448 419 2543 Corpus
435 2442 508 2513 hoc
522 2440 682 2513 Aldinum
697 2440 831 2514 recudit
843 2448 888 2513 H.
904 2444 1095 2542 Stephanus
1110 2448 1243 2533 A‚1575.

209 2542 311 2632 folus,
336 2543 435 2643 quod
449 2545 593 2629 mireris,
618 2542 660 2614 ad
674 2545 762 2615 hanc
774 2560 929 2617 'aetatem
942 2544 1087 2617 nostram
1104 2544 1145 2615 ab
1155 2544 1242 2615 Aldo
1293 2609 1295 2620 .

136 2723 137 2748 ἶ
208 2647 306 2732 inde,
330 2647 404 2717 hoc
419 2642 468 2717 cll
481 2649 571 2718 intra
585 2670 693 2717 annos
705 2645 815 2717 ferme
838 2661 919 2721 260.
944 2651 1009 2719 Res
1027 2642 1181 2745 profesto
1195 2648 1242 2715 in

136 2771 137 2774 ’
210 2748 332 2843 digna,
355 2751 396 2817 in
415 2764 515 2819 tanto
538 2772 684 2817 numero
713 2750 866 2820 virorum
897 2752 1034 2843 egregie
1062 2743 1243 2819 doliorum

210 2854 417 2947 graecisque
430 2849 473 2919 de
488 2848 593 2919 literis
609 2847 779 2945 praeclare
794 2854 1013 2937 meritomm,
1039 2864 1136 2921 tanto
1158 2842 1244 2917 tem·

209 2956 305 3049 poris
322 2950 510 3022 interuallo
526 2945 867 3021 exilitillcneminem
891 2954 1066 3041 (schottus
1092 2954 1182 3021 enim
1205 2951 1243 3021 in

136 3067 137 3116 l
209 3053 354 3125 censum
379 3046 450 3123 riou
471 3054 583 3137 venit,
607 3050 989 3146 devoluntatemagis,
1014 3078 1115 3151 quam
1139 3052 1243 3122 dere
1338 3068 1341 3074 '

208 3154 417 3245 laudandus)
445 3157 506 3253 qui
520 3168 672 3225 oratores
689 3154 753 3224 hos
771 3154 993 3253 expoliendos
1013 3154 1073 3226 fibi
1087 3154 1244 3233 sumeret,

209 3260 363 3329 Nacnias
377 3268 558 3326 recantant
569 3253 681 3325 nescio
696 3280 780 3353 quas
797 3259 950 3342 eroticas,
975 3250 1091 3328 aetatis
1107 3252 1247 3326 infimae

136 3405 137 3432 ;
213 3360 253 3431 ad
267 3360 460 3431 barbariem
474 3359 543 3426 iam
558 3360 747 3448 vergentis,
771 3356 862 3427 vnde
877 3358 960 3429 nihil
982 3357 1166 3430 admodum
1187 3352 1246 3424 dis·

136 3449 139 3554 l
214 3488 286 3545 cas3
309 3464 396 3533 haec
409 3458 572 3531 scitatum
590 3474 626 3527 et
641 3454 906 3551 grauiffimarum
919 3486 1034 3531 rerum
1051 3458 1244 3557 plenaAtti-

136 3565 138 3592 ¹
213 3563 304 3634 cismi
316 3562 432 3634 adhuc
445 3562 595 3652 vigentis
611 3558 834 3645 documenta,
857 3560 1020 3633 vetullate
1035 3558 1248 3642 venerabilia,

215 3692 255 3737 cx
269 3693 337 3739 mo
354 3658 634 3760 corruptissimo,
657 3678 693 3732 ct
713 3663 843 3733 lacunis
866 3664 1091 3761 plurimisque
1117 3678 1152 3731 et
1175 3658 1247 3739 loe·

215 3764 343 3841 diffinris
364 3762 484 3839 obfito
508 3764 631 3835 codice
652 3764 758 3849 edita,
781 3768 840 3861 qui
862 3767 1082 3851 emacularet,
1103 3764 1162 3860 qui
1185 3760 1248 3832 lar·

136 3942 137 3955 ,
212 3877 304 3959 ciret,
329 3874 393 3971 qui
407 3881 575 3949 ornaret,
602 3865 786 3962 qui'latine
806 3870 1107 3965 interpretaretur,
1128 3865 1187 3961 qui
1203 3862 1248 3935 la·
1299 3861 1302 3870 '

210 4001 248 4049 ce
262 3971 612 4057 commentariorum
635 3965 858 4055 illuminaret,
888 3974 948 4066 qui
968 3964 1133 4040 lestitaret
1154 3964 1250 4053 adeo,

383 4088 389 4093 ·
739 4068 810 4163 *b3
978 4089 980 4105 ·
1141 4091 1250 4166 paena
