3100 4800
139 348 170 440 Q
312 347 412 422 xum
507 324 534 421 a
584 342 615 417 Ι.
664 342 708 416 a.
755 342 822 416 ao
871 313 1183 432 a'asorrrnan
1245 357 1280 408 r

784 526 836 611 §.1
864 544 888 596 r.

429 673 441 693 ⁹
555 653 618 766 'De
637 676 757 765 'Aldina
783 693 934 787 Aeschinis
959 665 1105 767 editione.

398 816 600 910 Aeschinem
614 820 868 926 primus‘edidit
880 826 987 909 Aldus
1006 827 1202 918 Manutius,
1225 829 1267 901 de
1281 827 1375 900 lite·

255 948 259 956 '
323 934 371 1004 ris
387 933 515 1025 graecis
529 928 638 1026 supra,
667 953 772 1028 quam
789 927 864 999 satis
879 929 1065 1024 praedicari
1078 929 1195 1030 polilt,
1219 956 1377 1030 prome-

325 1038 430 1121 ritus,
453 1033 606 1102 venetiis
622 1035 662 1102 A
678 1050 765 1121 1513.
788 1031 825 1101 in
840 1034 993 1128 Corpore
1012 1036 1197 1104 Oratorum
1220 1053 1380 1126 graeco·

325 1161 421 1220 rum,
444 1157 532 1232 quos
547 1131 653 1225 vulgo
668 1139 799 1203 minores
815 1132 989 1230 appellant
1012 1133 1059 1220 hi,
1084 1137 1145 1232 qui
1157 1133 1280 1234 procul
1296 1133 1375 1230 du5

325 1237 385 1319 bio
399 1233 579 1306 Isocratem
593 1231 975 1330 atqueDemollhenem
988 1236 1024 1306 in
1041 1235 1208 1308 maioribus
1215 1236 1373 1320 habent,

226 1401 231 1413 .
327 1329 419 1437 quadr
433 1335 625 1435 prophetae
639 1329 788 1406 luillent.
838 1339 919 1408 Duo
937 1334 1014 1408 sunt
1027 1335 1117 1408 illius
1134 1336 1287 1435 cor‘poris
1296 1363 1374 1408 vo-

328 1441 477 1524 lumina,
500 1439 653 1536 primurn
667 1433 913 1610 subscripetione
924 1436 992 1510 loci
1007 1451 1110 1536 atque
1124 1442 1289 1538 temporis
1308 1465 1375 1510 ca-

329 1567 436 1627 rens,
462 1541 699 1638 paginae2197.
721 1539 793 1636 imp
829 1563 888 1627 ns,
919 1537 1122 1617 Aeschinem
1141 1557 1187 1626 ,et
1215 1538 1373 1637 Lyham,

289 1727 296 1734 ,
329 1667 469 1717 necnon
498 1639 790 1726 Alcidamantem,
833 1637 1068 1716 Antisthenem
1106 1656 1141 1714 et
1167 1643 1372 1715 Demadem

285 1811 291 1819 ,
330 1737 584 1844 complestitur.
630 1738 833 1814 Secundum'
842 1741 1005 1840 peculiari
1020 1757 1057 1814 et
1070 1747 1213 1843 proprio
1234 1743 1293 1816 luo
1322 1747 1373 1816 ti·

330 1847 407 1918 tulo
425 1857 603 1928 ornatum,
627 1848 687 1916 161.
703 1843 842 1940 paginas
856 1843 1021 1942 implens,
1045 1845 1197 1944 reliquos
1221 1845 1374 1918 exhibet

295 2025 299 2030 ,
333 1960 486 2020 oratores
500 1946 571 2018 hoc
588 1941 717 2027 ordine,
739 1943 963 2031 Andocidem,
985 1943 1122 2034 Isaeum,
1136 1945 1371 2034 Dinarchum,

334 2048 605 2147 Antiphontem,
634 2049 850 2140 Lycurgum,
890 2049 1071 2141 Gorgiam,
1106 2043 1373 2136 Lesbonaslem,

334 2148 522 2225 Herodem.
569 2145 710 2220 Titulus
725 2163 842 2220 atatem
864 2151 976 2248 primo
1000 2149 1169 2222 volumini
1191 2148 1371 2250 praefixus

335 2249 490 2325 austores
520 2247 688 2322 ambobus
718 2247 951 2322 voluminibus
982 2248 1161 2324 conclusos
1189 2255 1372 2351 promittit

215 2403 220 2414 ·
332 2347 490 2427 nuntios.
539 2353 692 2423 Primum
704 2349 818 2425 Aldini
832 2353 986 2451 corporis
1003 2351 1165 2427 volumen
1179 2355 1373 2429 haeccom-

209 2472 214 2480 ’
335 2452 507 2557 pleffitur.
559 2456 585 2545 ι)
609 2450 856 2551 praefationem
874 2452 1112 2552 seuepistolam
1126 2457 1202 2529 Aldi
1216 2457 1372 2538 adfran-

331 2556 466 2631 viscum
480 2552 673 2641 Faseolum,
693 2557 777 2653 reip,
791 2557 942 2627 Venetae
956 2571 1032 2629 tum
1047 2555 1278 2645 secretarium,
1299 2560 1375 2645 vel,

336 2652 704 2757 utlhodie'loquimum
727 2658 990 2746 cancellarium,
1010 2684 1114 2757 quem
1137 2658 1235 2732 fuille
1254 2663 1374 2733 virum

338 2760 543 2859 sapientem,
565 2755 712 2844 semem,
734 2756 1001 2855 ampliffimaein
1016 2786 1088 2856 rep.
1102 2760 1292 2855 dignitatis,
1314 2758 1370 2834 re·

337 2888 418 2935 rum
429 2860 583 2934 ciuilium
601 2859 826 2951 gerendarum
841 2865 1006 2957 peritum,
1032 2858 1172 2935 dollnm
1186 2864 1312 2963 ipsum,
1333 2880 1373 2935 et

201 3000 222 3031 ,ν
339 2960 522 3052 doliorum
534 2974 716 3045 amantem,
741 2961 986 3060 literarumque
1001 2965 1228 3037 ornandarum
1245 2964 1372 3037 studio

338 3066 432 3151 sum,
453 3091 495 3137 ex
507 3063 564 3134 illa
578 3058 717 3159 epistola
729 3063 939 3155 intelligitur.
992 3071 1028 3155 2)
1054 3064 1225 3139 Aeschinis
1246 3070 1371 3157 vitain

339 3174 395 3265 (p.
409 3189 460 3240 ιο.
476 3164 527 3235 ed.
542 3162 685 3256 nostrae)
738 3169 773 3254 3)
799 3165 973 3261 Apollonii
988 3166 1234 3263 praefationem
1251 3174 1295 3267 (p.
1312 3176 1369 3261 12)

339 3275 382 3361 4)
407 3278 649 3360 argumentum
664 3267 699 3336 in
714 3266 964 3337 Timarcheam.
991 3270 1042 3366 (p.
1057 3275 1124 3366 17.)
1175 3276 1205 3362 5)
1227 3271 1316 3344 aliud
1332 3274 1372 3344 in

216 3376 220 3383 '
341 3369 484 3442 eandem
502 3370 549 3463 (p.
565 3373 626 3458 19.)
679 3370 874 3465 ωειςιμη.
895 3371 931 3439 in
954 3394 1002 3445 or.
1024 3370 1105 3473 περὶ
1129 3402 1294 3476 nequae.
1310 3372 1369 3469 'lp-

339 3476 408 3561 185)
466 3470 505 3565 7)
531 3468 610 3568 napi
632 3462 765 3551 ςοίσεως
784 3470 846 3545 τοῦ
866 3465 967 3549 aanor*
992 3474 1226 3565 κτησιφῶντος
1249 3474 1369 3572 λόγου.

191 3653 193 3658 ,
339 3578 387 3671 (p.
407 3593 480 3672 352.
494 3575 587 3669 pen.)
616 3637 620 3642 ,
636 3575 669 3661 8)
696 3586 1036 3662 argumentumorat
1051 3576 1086 3645 in
1099 3574 1369 3674 Ctesiphontem.

342 3678 388 3773 (p.
404 3678 485 3768 348)
501 3675 644 3780 l-Iorum
660 3670 922 3780 opusculorum,
944 3673 1000 3745 illa
1015 3690 1178 3772 quatuor,
1204 3706 1291 3777 quae
1307 3684 1370 3751 nu·

259 3858 276 3888 κ
340 3778 443 3848 meris
461 3795 491 3845 a.
506 3796 532 3866 3.
548 3798 585 3861 4.
602 3790 638 3843 et
653 3795 678 3862 5.
699 3776 834 3862 notaui,
859 3776 1031 3848 Henrious
1052 3780 1253 3876 Stephanus,
1276 3780 1370 3881 lapsu

336 3878 525 3949 memoriae
547 3874 784 3984 praeteruidit,
813 3900 894 3953 cum
917 3878 996 3951 dare
1023 3876 1194 3972 voluillet,
1227 3884 1370 3957 oblitus.

1204 4038 1208 4053 .
1302 3990 1372 4061 Cur
