3100 4800
302 428 381 523 ‘77⁶
452 390 756 497 tenesmo·
803 428 875 531 An
923 414 1179 498 vlumus.

306 600 1343 808 iiiiiihqiilh'ighi‘siiffiisiis'sisl'si‘ii
1369 684 1373 692 ’

207 855 211 867 ·
311 813 471 905 ingentes
492 810 784 913 Motellianaeque
805 826 841 883 et
862 736 1162 906 Bongioupanninae
1180 810 1342 882 editionis
1418 820 1430 877 ’,

180 908 186 917 ’
233 903 237 909 ’
313 908 465 1009 expletas
480 936 500 983 e
517 912 635 985 codice
651 910 926 1011 praestantilhmo
943 912 1137 1007 Auguslano
1155 912 1289 1001 habeo)
1307 922 1345 981 ct

156 1097 163 1120 Ι
296 1012 572 1112 locupletatum.
613 1014 797 1087 duodecim
820 1015 943 1089 ferme·
959 1020 1032 1088 eius
1048 1015 1159 1087 habeo
1184 1014 1345 1085 nondum

315 1113 406 1185 edita
422 1114 584 1213 opuscula
599 1143 640 1187 ex
654 1116 778 1188 eodem
793 1114 987 1211 Augustano
1002 1132 1038 1191 et
1051 1118 1161 1188 tribus
1176 1115 1344 1186 Bauaricis
1400 1110 1402 1117 ’

314 1215 410 1287 libris
424 1220 549 1315 petita3
573 1215 720 1289 Aristidis
736 1234 851 1291 autem
867 1218 1068 1309 Scholiallas
1082 1216 1246 1303 ineditos,
1270 1230 1345 1287 tam

180 1359 184 1368 ι
316 1317 470 1411 grandes,
485 1335 524 1389 vt
537 1318 646 1417 ipsum
661 1336 771 1419 paene
786 1316 959 1393 ausititem
975 1321 1067 1393 mole
1080 1318 1264 1401 excedant3
1289 1314 1348 1387 fed
1429 1352 1431 1371 κ

316 1434 453 1519 praeter
470 1420 529 1491 has
545 1446 652 1507 curas,
676 1437 713 1491 vt
726 1446 797 1493 vno
819 1422 861 1493 de
882 1422 1047 1494 Aeschine
1061 1422 1198 1519 loquar,
1226 1420 1348 1489 cuivix

318 1518 561 1619 quadrimestre
574 1536 712 1621 tempus
726 1524 925 1621 impendere
940 1528 1060 1623 potui,
1086 1540 1174 1621 quot
1189 1535 1225 1592 et
1241 1546 1348 1618 quan-

153 1669 157 1677 ·
211 1700 216 1723 ,
317 1634 354 1693 ta
368 1624 480 1721 reperi
494 1623 639 1715 agenda!
659 1623 740 1695 solia
757 1652 777 1695 a
792 1626 888 1721 prelo
913 1626 1045 1697 madida
1061 1621 1292 1723 perlustranda
1312 1632 1350 1690 et

204 1735 206 1742 '
319 1723 598 1821 asphalmatibus
614 1728 871 1823 typographicis
894 1727 1084 1825 purganda,
1109 1728 1169 1825 qni
1191 1720 1352 1795 molestis·

320 1820 425 1897 fimus
438 1822 610 1913 estlabor,
632 1826 827 1925 praesertim
849 1829 901 1899 his
926 1827 1031 1901 curtis
1055 1828 1174 1901 diebus
1190 1824 1351 1897 brumali·

266 1952 277 1986 <¹
320 1924 405 2011 hus,
428 1929 465 1999 in
479 1925 553 2015 isla,
578 1954 667 2025 quac
680 1954 840 2001 meorum
856 1931 1038 2003 oculorum
1057 1926 1115 2020 est,
1130 1926 1350 2011 infirmitate;
1426 1944 1431 2027 ⁴3

211 2034 232 2105 ⁸.
316 2026 460 2128 schedas
492 2029 629 2102 easdem
658 2034 786 2103 iterum
809 2046 929 2130 ¹atque
955 2036 1081 2105 it'e'rum
1112 2028 1352 2113 rescribendas,

323 2129 420 2302 guod
432 2145 491 2201 aut
504 2134 647 2230 paginae
660 2123 769 2205 ellent
786 2158 847 2205 mu
906 2132 984 2220 dae,
1010 2150 1069 2205 aut
1083 2130 1287 2207 acc'elhones
1302 2132 1353 2200 in-

337 2230 497 2317 erendue,
533 2231 668 2305 codices
697 2234 862 2306 conseren
888 2248 945 2321 o's,
977 2234 1105 2325 ¹scholia
1128 2230 1352 2318 exscribenda,

293 2379 299 2393 ι
323 2330 633 2407 animaduersiones
659 2328 872 2424 condendas,
904 2330 1130 2435 praefationes
1153 2333 1354 2419 scribendas,

192 2524 196 2537 ,
323 2433 454 2508 indices
473 2436 604 2511 dudum
629 2432 753 2536 saslos,
792 2439 906 2511 denuo
935 2435 1195 2538 perlustrandos.
1259 2435 1354 2519 Quid

301 2628 306 2639 υ
325 2536 444 2616 multa
493 2539 743 2626 Nemocredat,
759 2565 863 2636 quam
877 2541 995 2630 multa,
1012 2567 1115 2640 quam
1128 2541 1228 2612 taedii
1241 2539 1355 2636 plena,

214 2681 219 2689 ·
326 2657 432 2736 quom
455 2641 588 2712 minuta
610 2657 646 2712 et
668 2640 799 2714 sordida
818 2641 903 2716 adeo
929 2641 1124 2718 denotanda
1141 2640 1208 2713 ¹fint
1223 2641 1356 2724 editori,

204 2779 208 2800 ι
325 2737 502 2831 religioso,
524 2739 721 2840 famamque
741 2742 850 2830 sum,
880 2759 917 2814 et
938 2740 1089 2817 officium
1112 2745 1264 2816 muneris
1288 2740 1358 2838 spe·

326 2832 449 2946 slanti3
474 2843 531 2912 coi
546 2859 585 2912 vt
599 2843 823 2917 satisfacerem
841 2846 926 2918 nihil
940 2847 1024 2918 mihi
1038 2847 1078 2918 ad
1093 2847 1356 2920 contentionem
1431 2931 1432 2948 χ

325 2940 500 3039 reliquum
517 2943 593 3016 feci
642 2949 817 3019 Praeterea
837 2951 929 3020 carui
944 2949 1061 3019 multis
1082 2949 1182 3034 honis
1204 2945 1300 3016 libris
1315 2942 1356 3014 ad
1390 3007 1396 3012 .
1431 2955 1432 3032 l

170 3137 175 3147 Ι
217 3127 222 3134 .
294 3041 527 3117 shmnsmodi
541 3070 615 3118 rem
630 3045 776 3120 feliciter
791 3050 955 3142 agendam
978 3045 1175 3124 necessariis.
1224 3051 1357 3119 Futuro
1431 3107 1432 3126 ,

328 3157 445 3214 autem
461 3145 585 3220 editori
599 3149 666 3220 hoc
682 3153 748 3221 erit
766 3147 896 3221 facilius
920 3142 1029 3238 nunc,
1054 3179 1157 3252 quam
1177 3150 1261 3222 mihi
1285 3147 1359 3233 fuit,

329 3241 458 3339 sparsos
475 3248 647 3322 Aeschinis
664 3251 760 3322 locos
786 3277 806 3324 e
826 3255 1052 3346 grammaticis
1075 3255 1236 3346 colligere
1258 3255 1358 3344 (Tay-

284 3394 289 3405 ‚
331 3341 387 3416 lor
401 3349 493 3419 enim
510 3348 574 3422 hac
590 3355 625 3424 in
647 3379 686 3424 re
702 3363 825 3450 parom
841 3353 1007 3451 profecit)
1036 3356 1128 3453 quod
1151 3355 1254 3426 editio
1283 3377 1360 3422 mea

330 3446 476 3544 copiosis
496 3465 600 3548 atque
615 3449 793 3525 frnstuosrs
808 3453 966 3528 instrutla
984 3455 1033 3528 est
1053 3457 1219 3531 indicibus
1236 3455 1360 3548 graeci·

329 3551 409 3620 tatis
433 3549 653 3653 Aeschinem,
685 3556 810 3654 quibus
832 3557 925 3654 quod
949 3557 1048 3630 addat
1067 3585 1189 3658 parum
1211 3554 1360 3650 habebit,

200 3739 207 3747 „
331 3667 468 3746 praeter
484 3654 611 3736 indices
624 3657 874 3730 vocabulorum
898 3663 933 3732 in
950 3657 1098 3758 epistolis
1119 3660 1289 3732 Aeschinis
1306 3683 1362 3729 oc-

331 3757 563 3842 currentium,
585 3756 710 3855 quibus
727 3785 767 3831 ex
785 3757 932 3860 epistolis
946 3762 1111 3837 vocabula
1133 3741 1230 3836 nulla
1242 3785 1362 3832 meum

335 3853 372 3924 in
387 3855 535 3928 indicem
556 3860 667 3932 retuli.
909 3872 914 3886 '
1331 3881 1335 3889 '

1172 4063 1364 4136 VARIAE
