3100 4800
464 396 823 501 rubeum.
1019 428 1023 435 ·
1096 423 1193 519 ⁶93-
1269 475 1273 483 .

134 587 220 683 rum
240 606 374 705 semper
396 602 463 677 fuit
477 598 678 693 Μιμητικδνς
702 626 818 698 neque
829 624 870 671 ex
886 594 948 673 isto
964 624 1069 693 grege
1083 608 1177 703 quis«
1225 560 1256 654 ‘x
1368 590 1374 600 ’

136 736 246 809 quam
260 734 412 805 unquam
428 722 567 779 exortus
582 704 703 791 fuerit,
727 705 789 801 qui
802 700 912 788 sciret·
924 702 1007 799 quid
1019 700 1060 773 stt
1080 706 1201 796 illuri:

133 812 238 912 quod
263 808 387 881 dicitru
409 808 554 881 feliciter
575 820 611 877 et
626 805 767 877 solerter
783 805 985 896 excogitare.
1034 809 1186 881 Simula·
1216 840 1219 853 ·
1280 873 1283 879 .

132 932 197 987 tus
220 917 327 1007 igitur
347 900 547 995 Aeschines,
571 908 653 979 licet
676 909 834 1001 ingenio,
859 904 1024 977 sermonis
1039 904 1179 1003 elegen-2
1257 998 1261 1006 .

133 1020 206 1103 tia,
230 1030 266 1087 et
289 1017 402 1085 nitore
426 1012 587 1084 orationis
608 1009 712 1103 longe
735 1008 872 1106 superet
886 1007 1059 1081 infelicem
1073 1012 1179 1085 illuns

133 1120 302 1213 Simiurn,
336 1117 395 1213 qui
416 1112 640 1207 omostlmn
660 1113 784 1183 imitari
804 1109 933 1196 voluit,
965 1114 1024 1198 (et
1043 1114 1180 1187 medin.

135 1245 240 1291 crem
262 1217 573 1315 sarre‘Scriptorem
597 1206 730 1285 necesse
755 1208 802 1285 est
822 1236 904 1283 eum
924 1208 1045 1298 mise„
1063 1218 1123 1313 qui
1134 1216 1174 1287 il·
1308 1227 1311 1232 '

134 1323 218 1393 lum
231 1344 304 1393 non
329 1316 526 1415 exsuperet)
550 1340 593 1387 eo
609 1329 726 1389 temen
752 1328 863 1387 aetite
881 1308 923 1383 fit
935 1311 1103 1411 posterior
1117 1344 1178 1390 ne⁴

135 1418 233 1497 cesse
253 1418 317 1508 est,
349 1444 454 1518 quem
479 1415 724 1514 saepenumero
746 1412 925 1509 exscribit„
948 1418 1047 1489 etad
1067 1445 1176 1517 quem
1219 1444 1224 1453 ¹

135 1520 290 1609 adludit,
327 1524 424 1619 cuius
453 1519 605 1620 denique
626 1514 824 1591 testimonio
846 1532 950 1616 atque
972 1534 1044 1591 arte
1064 1524 1175 1593 πίτυι·
1292 1587 1296 1593 .
1447 1543 1448 1552 “

134 1623 334 1725 saepissime.

193 1826 236 1893 In
259 1818 403 1919 Epistola
426 1819 560 1909 ultima,
584 1846 661 1920 pag.
686 1839 769 1917 747.
794 1820 918 1912 dicitur
931 1820 1114 1893 Aeschines
1129 1821 1176 1895 fe·
1283 1895 1287 1904 ,

136 1948 226 1994 cum
241 1938 386 1993 matrem
402 1922 627 2015 grandaeuam
641 1926 677 1995 in
692 1922 845 1995 exfilium
858 1920 1002 2009 duxisse,
1026 1923 1068 1993 sc.
1085 1950 1180 2021 quae
1266 1934 1270 1943 ’

136 2050 274 2097 annum
296 2028 363 2095 iam
387 2024 507 2117 agebat
529 2045 582 2120 73.
629 2030 721 2097 Bene
744 2022 800 2095 est.
832 2023 1017 2096 Aeschines
1041 2025 1111 2123 ipse
1133 2052 1181 2098 ee.

137 2140 219 2198 erat
241 2141 368 2213 aetate,
392 2150 472 2197 cum
488 2126 553 2197 hae
568 2152 622 2199 res
637 2130 725 2219 geri,
741 2140 845 2224 atque
863 2126 928 2198 hae
941 2124 1108 2225 Epistolae
1120 2153 1182 2199 exv
1247 2182 1251 2187 -

137 2230 250 2318 arari,
272 2242 456 2326 putantur..
482 2232 551 2313 ,De
567 2244 676 2301 aetate
692 2227 865 2301 Aeschinis
878 2228 977 2326 plura
990 2232 1027 2299 in
1042 2232 1115 2300 eius
1129 2231 1178 2301 vi·

137 2346 190 2402 ta.
239 2328 362 2402 Adhuc
383 2345 499 2405 tamen
519 2328 562 2402 de
583 2336 708 2403 Matre.
737 2334 771 2402 Si
792 2335 868 2429 quis
889 2333 982 2403 enim
1003 2331 1183 2404 calculum·

137 2458 266 2506 meum
280 2432 494 2530 aliorumque
508 2431 551 2504 de
560 2432 733 2506 Aeschinis
749 2434 926 2506 natalibus
932 2457 1005 2504 non
1019 2433 1175 2506 admitte·

139 2561 181 2606 re
205 2515 304 2622 velit,
333 2533 445 2614 audiat
470 2549 586 2608 tamen
609 2533 781 2629 Aeschinem
802 2539 837 2607 in
861 2531 1036 2632 Epistolis,
1059 2534 1206 2608 eidem».

138 2635 286 2731 Aeschini
310 2639 345 2710 in
367 2635 588 2709 Orationibus
616 2636 858 2708 aduersantem.
907 2643 1022 2708 Mater
1043 2636 1182 2710 Aeschi·=
1246 2683 1251 2692 ·

140 2743 199 2811 nis
227 2739 368 2838 Olymp.
390 2743 502 2811 CXIV.
525 2764 654 2810 annum
670 2738 791 2832 agebat
806 2761 865 2835 73.
892 2735 1004 2837 (Epist
1016 2744 1080 2811 XII.
1096 2765 1174 2838 pag.

143 2848 249 2938 747.)
274 2845 368 2912 Num
391 2867 430 2912 ea
453 2837 653 2938 tempestate
672 2841 736 2930 bae
759 2841 875 2914 literae
890 2856 988 2916 erant
1003 2838 1176 2934 configno-

140 2957 217 3028 tae,
244 2959 383 3014 mortuo
405 2967 532 3040 nempe
548 2941 747 3014 Alexandro.
797 2949 960 3013 Attamen
979 2949 1094 3014 Mater
1115 2940 1180 3012 Aess‘

109 3044 271 3126 ,schinis
292 3045 431 3142 Olymp.
454 3047 567 3130 XCIII,
605 3038 762 3145 oppressa
790 3071 811 3114 a
832 3049 927 3116 XXX.
976 3046 1063 3123 Vuis
1084 3043 1179 3130 vrbe,

109 3139 111 3148 ’
140 3173 212 3218 vna
229 3173 311 3219 cum
326 3150 448 3220 marito
463 3139 668 3220 Corinthum
681 3144 815 3238 aufugit
830 3149 937 3235 (Orat
950 3169 993 3217 π.
1010 3147 1179 3240 liorem.

143 3275 223 3348 pag.
249 3255 363 3340 292).
412 3249 464 3319 Ab
485 3263 633 3320 exeunte
655 3248 860 3344 Olympiade
879 3253 987 3320 XCIII.
1003 3246 1044 3317 ad
1059 3250 1179 3318 ineun-

143 3367 221 3424 tem
241 3355 350 3425 CXIV.
401 3353 492 3424 Anni
509 3349 587 3422 sunt
601 3355 721 3421 LXXX.
748 3351 883 3430 Quibus
897 3347 921 3418 fl
935 3348 1096 3420 adieceris
1110 3347 1178 3420 rut·
1327 3432 1331 3441 Ι

145 3453 306 3527 nubilem
319 3477 445 3551 nempe
460 3465 606 3524 aetatem
616 3469 718 3540 ,rnon
733 3449 794 3524 nifi
807 3449 1034 3524 centefimum
1047 3471 1183 3524 annum

145 3581 250 3648 agere
264 3568 400 3652 poterat
414 3582 453 3628 ea
467 3555 605 3642 Mulier,
629 3551 730 3653 ipsius
738 3553 913 3626 Aeschinis
928 3553 1069 3639 calculo,
1091 3577 1180 3650 quae

145 3657 187 3730 ab
203 3654 430 3756 Epistularum
448 3655 612 3755 scriptore
627 3681 736 3728 annos
754 3673 832 3728 nate
843 3651 911 3730 esse
924 3653 1184 3735 octarium»

144 3759 255 3832 modo
262 3757 478 3858 septuaginta,
504 3775 540 3830 et
560 3761 655 3857 quod
675 3761 836 3832 excurrit

195 3961 275 4034 Post
291 3968 441 4036 Matrem
463 3933 615 4060 sequitur
630 3961 821 4062 Disputatio
835 3962 880 4033 de
893 3959 1032 4036 Liberis.
1056 4007 1060 4014 -
1081 3959 1177 4028 Nam

116 4159 117 4168 ,
148 4080 182 4136 ei
195 4067 255 4140 hic
271 4089 412 4165 quoque
427 4064 541 4146 infelix
557 4063 614 4138 ille
629 4069 732 4137 Soros
749 4063 810 4138 suo
824 4063 857 4136 se
874 4056 1175 4169 indicioprodidit.

1084 4161 1178 4235 ,Αὶε
1303 4163 1309 4170 ·
