3100 4800
326 390 491 516 'imvm
584 450 609 507 ι.
657 430 684 508 r.
732 379 782 504 n'
821 416 889 505 Ao
936 428 1249 505 assensuros
1387 541 1393 552 Ι

363 616 501 692 intimi
553 613 714 687 credibile
733 615 826 685 enim
848 609 896 685 est
924 610 1107 713 specimina
1127 614 1169 688 ad
1191 640 1275 687 eum
1297 619 1357 687 mi

363 716 441 805 esse,
464 728 647 815 antequam
661 718 800 813 opusin
815 714 996 789 hominum
1021 744 1141 789 manus
1156 720 1300 819 ueniret.
1325 724 1363 787 A
1394 796 1395 799 Ἴ

361 820 475 894 sisere
496 818 751 903 animaduertit,
777 842 842 889 cur
864 820 899 891 in
924 818 1135 915 praefatione
1156 844 1228 891 non
1251 816 1301 889 esi
1331 820 1360 890 h

362 922 406 995 de
428 924 549 995 iniuria
576 917 638 992 fibi
664 914 750 991 satia
779 916 939 1017 questus?
990 944 1052 993 cur
1075 948 1146 993 non
1178 916 1381 992 obtestatus

360 1048 425 1097 cur
439 1024 571 1094 tacuit?
618 1027 657 1094 In
670 1019 883 1121 praefatione
903 1017 926 1093 sr
952 1048 1023 1093 non
1048 1022 1171 1095 licebat
1183 1025 1298 1121 queri,
1330 1049 1383 1095 cu

310 1108 315 1139 ¹
361 1121 440 1199 aiibi
464 1150 535 1195 non
552 1122 661 1197 fecit?
709 1160 759 1181 ·-
800 1118 875 1194 'sed
896 1123 981 1194 haec
1002 1120 1181 1211 haetenus,
1215 1124 1374 1224 epraes

360 1232 458 1301 tione
471 1226 644 1323 Stephani.
693 1226 798 1297 Cuius
813 1224 1030 1328 praefationis
1046 1227 1184 1324 reliqua,
1206 1229 1267 1323 qui
1282 1228 1375 1297 sole

359 1329 420 1403 suo
448 1328 526 1398 loco
550 1327 656 1421 legat,
678 1326 719 1404 ab
741 1326 811 1397 hoc
831 1326 998 1403 alieniora.
1072 1326 1251 1413 Vniuerse,
1279 1327 1377 1401 editi

361 1454 563 1527 graecorum
586 1443 761 1501 oratorum
782 1455 801 1499 a
821 1430 995 1527 Stephano
1016 1446 1131 1505 curata
1151 1429 1334 1501 luculenta
1386 1484 1387 1493 κ

361 1535 497 1627 egregia
514 1529 576 1618 esi,
602 1534 745 1627 eiusque
760 1530 957 1627 exemplum
980 1534 1016 1603 in
1031 1532 1197 1607 Aeschine
1210 1530 1411 1629 reddendam

360 1650 444 1707 ante
456 1634 577 1705 oculos
592 1632 707 1721 habui,
728 1658 863 1703 morem
878 1648 1011 1719 tenens,
1028 1638 1064 1707 in
1081 1636 1299 1732 hocquoque
1315 1642 1412 1707 ora-i

360 1753 437 1809 tore
458 1732 623 1820 eundem,
653 1759 758 1831 quem
781 1736 816 1805 in
840 1732 1070 1809 Demosthene
1095 1752 1288 1822 tenueram,
1332 1749 1413 1807 (ιιι-ἰ

360 1843 413 1912 ius
431 1839 567 1935 quoties
585 1834 736 1934 plagulas
753 1861 772 1905 a
786 1836 882 1933 prelo
896 1852 1052 1909 recentes
1066 1864 1190 1936 operae
1207 1837 1292 1909 mihi
1311 1841 1414 1919 mit-i

243 1993 248 2013 .
358 1955 474 2013 terent
495 1937 729 2031 corrigendas,
761 1940 858 2009 vxori
884 1940 1084 2011 mandabam
1119 1956 1156 2010 vt
1189 1938 1403 2036 exemplum

270 2073 275 2091 ¹
360 2040 604 2115 Moreiiianum
628 2040 712 2111 mihi
733 2040 960 2137 praelegeret,
985 2041 1136 2139 plagulas
1154 2056 1310 2113 recentes
1340 2066 1402 2111 re-

354 2144 507 2239 legenti,
538 2168 582 2214 ne
605 2142 701 2239 quod
720 2142 928 2213 vocabulum
951 2144 1138 2239 excideret,
1170 2142 1265 2243 quod
1285 2142 1400 2217 facile

361 2243 417 2331 ht,
442 2244 701 2343 typothetarum
718 2242 775 2314 seu
789 2246 934 2329 incuria,
961 2244 1018 2316 seu
1033 2246 1098 2317 aiio
1114 2270 1324 2343 quocunque
1338 2272 1401 2314 er-

362 2372 452 2422 rore.
499 2348 556 2417 Sic
575 2348 609 2418 in
634 2344 767 2416 edendo
789 2344 953 2418 Aeschine
975 2372 1115 2450 quoque
1135 2344 1269 2424 institui.
1319 2350 1399 2418 De·
1418 2411 1419 2416 ,

177 2453 181 2469 '
257 2445 267 2471 ⁸
363 2449 478 2522 deram
510 2448 649 2546 quidem
682 2449 796 2544 operis
825 2450 1085 2546 exprimendum
1109 2449 1253 2545 Taylori
1273 2453 1385 2520 exem

361 2553 478 2652 pium,
504 2548 633 2648 quode
652 2549 771 2619 vitioso
786 2547 955 2622 Wolfiano
976 2567 1189 2624 recantatum
1210 2547 1272 2636 est,
1292 2549 1353 2620 sed
1375 2577 1399 2622 a

361 2680 420 2726 me
435 2654 530 2751 prius
544 2650 725 2743 diiigenter
740 2649 781 2720 ad
795 2652 989 2748 exemplum
1005 2655 1169 2752 Stephani
1180 2646 1396 2724 cortesium.

361 2781 477 2852 neque
491 2752 565 2823 satis
590 2753 659 2824 hoc
679 2752 799 2839 habui,
824 2751 879 2824 sed
901 2751 964 2826 hac
986 2781 1127 2853 quoque
1149 2753 1284 2851 insuper
1308 2779 1397 2826 cau-

360 2860 458 2928 tione
473 2854 546 2927 sum
559 2853 652 2940 rsus,
673 2869 721 2939 vt,
747 2859 882 2950 quoties
899 2855 1035 2952 plagula
1047 2883 1204 2954 quaeque
1216 2857 1397 2946 corrigen-

336 2969 339 2978 '
361 2958 403 3031 ria
423 2985 463 3030 ex
486 2952 622 3028 officina
640 2955 682 3027 ad
704 2981 761 3027 me
783 2951 980 3044 afferretur,
1012 2983 1096 3030 vxor
1118 2959 1202 3030 mihi
1221 2957 1396 3054 Stephani

284 3094 288 3118 =
355 3062 575 3160 praelegeret·
587 3059 793 3155 exemplum,
818 3077 856 3127 vt
872 3053 1034 3132 sanarum
1050 3057 1206 3132 aWolho
1225 3055 1396 3130 discessio-

359 3187 445 3234 num
460 3161 501 3234 ab
518 3161 675 3258 exemplo
694 3159 817 3230 Aldino
832 3159 924 3232 nulia
937 3187 992 3232 me
1005 3157 1116 3260 posset
1130 3161 1264 3246 saliere3
1291 3183 1395 3258 prae·

280 3335 285 3345 ,
359 3262 472 3338 sertim
493 3289 575 3333 cum
601 3287 667 3332 vna
688 3260 842 3332 libellum
872 3265 1073 3336 variantium
1101 3262 1318 3362 inspicerem,
1348 3264 1392 3334 in

360 3381 432 3464 quo
456 3361 665 3438 discessiones
690 3362 762 3433 illas
786 3361 969 3439 Wolfianas
995 3366 1174 3460 diligenter
1201 3379 1393 3457 annotaue·

360 3493 444 3540 ram.
492 3470 570 3547 Qua
585 3464 758 3558 diligentia
782 3465 986 3540 consecutus
1008 3469 1076 3561 hoc
1098 3465 1186 3552 sum,
1211 3481 1249 3536 vt
1267 3461 1393 3537 audior

361 3565 428 3642 esse
449 3563 541 3638 hona
564 3563 632 3638 fide
652 3563 773 3664 possim
794 3595 890 3641 meae
918 3567 1076 3642 editionis
1101 3568 1304 3654 emtoribus,
1348 3583 1392 3638 vt

359 3667 550 3755 confidant,
572 3668 605 3742 se
627 3693 698 3741 non
721 3686 926 3770 corruptum
947 3673 1143 3770 exemplum
1167 3665 1391 3756 Wolfianum,

358 3771 416 3844 sed
438 3772 627 3865 genuinum
641 3769 820 3864 Aidinum,
857 3771 932 3858 seu,
971 3773 1067 3870 quod
1088 3774 1179 3844 idem
1202 3771 1312 3844 ferme
1328 3769 1389 3858 est,

357 3874 603 3972 Stephanicum
629 3871 775 3962 habere,
807 3871 866 3950 nisa
889 3873 947 3946 vbi
961 3891 1057 3947 certo
1081 3892 1117 3947 et
1139 3871 1391 3973 praemeditato

360 3972 519 4062 consilio,
543 4000 663 4070 graues
684 3974 731 4046 ob
752 3979 886 4063 causas,
906 3975 950 4046 de
973 3979 1097 4076 quibus
1121 4004 1140 4048 a
1164 4001 1221 4050 me
1244 3973 1321 4046 satis
1342 3975 1392 4046 sa·

1291 4073 1393 4148 sium
