3100 4800
120 422 122 501 l
375 394 682 519 rulsrirro
733 408 1019 521 rarione
1126 451 1202 545 367

120 672 122 701 ι
222 633 322 711 Quae
345 644 459 701 autem
482 632 516 699 in
541 655 583 701 eo
603 622 706 717 seth,
734 628 804 703 siue
824 623 1131 733 nqossomafpm
1151 631 1202 701 in·

120 714 122 769 l
178 725 309 801 firmare
325 731 436 801 voluit
451 730 641 819 Aeschines,
656 732 697 803 ad
710 736 905 836 tria-Rapite
920 733 996 805 sunt
1009 730 1202 823 redigenda.

177 828 214 900 sc.
236 835 311 922 [1.]
335 832 459 903 Sedulo
485 836 576 903 cauit
597 833 693 931 Resp.
714 861 758 905 ne
784 838 844 917 cui
861 834 1030 907 eiusmodi
1044 832 1197 903 bonores

177 932 462 1020 decernerentur,
496 938 556 1031 qui
579 933 807 1029 magistratum
832 952 890 1007 aut
910 960 1037 1007 munus
1059 932 1198 1031 aliquod

176 1034 359 1130 publicum¹
369 1030 520 1127 gesserat,
541 1035 736 1135 priusquam
751 1041 910 1123 Rationes
927 1035 1017 1109 istius
1033 1038 1201 1121 Muneris,
1233 1030 1242 1053 ⁶
1289 1118 1293 1125 ,
1404 1030 1408 1044 ’

178 1138 245 1231 (qui
267 1162 347 1207 mos
367 1140 403 1207 in
427 1160 466 1207 ea
485 1140 631 1209 Ciuitate
650 1140 814 1231 inualuit)
837 1166 857 1211 a
877 1142 964 1211 Viris
982 1138 1023 1210 od
1036 1163 1110 1209 eam
1124 1163 1201 1208 rem

175 1240 235 1307 rite
255 1236 505 1334 exsequendam
536 1236 728 1311 conllitutis
750 1241 1067 1339 comprobarentur.
1122 1238 1200 1309 Scil.
1283 1252 1310 1292 ‘x

174 1364 217 1409 ne
244 1342 438 1411 Praeconiis
464 1354 499 1411 et
529 1345 673 1412 Co'ronis
699 1356 734 1414 et
754 1343 1018 1415 laudationibus
1039 1343 1199 1412 Rationes

174 1440 332 1540 publicae
344 1458 688 1539 praeoccuparentur.
712 1442 873 1542 Ctespho
887 1462 1001 1515 autem
1017 1442 1113 1526 tulit,·
1140 1440 1199 1513 do-

120 1598 121 1605 .
176 1544 244 1613 nari
266 1540 538 1615 Demosthenem
563 1538 701 1649 μετωξ)
727 1540 910 1648 ἄρχοντα,
940 1550 976 1617 in
997 1542 1069 1641 ipso
1093 1546 1199 1636 Magi·

175 1642 293 1715 liranis
321 1639 445 1715 officio.
495 1644 581 1718 Illud
600 1646 772 1743 'primumz
797 1656 912 1745 Atque
927 1652 962 1719 in
978 1673 1021 1719 eo
1036 1644 1110 1716 sario
1126 1672 1200 1715 ver·
1345 1712 1351 1728 ,

173 1744 272 1818 sando
303 1760 493 1843 occupatur
507 1748 664 1841 Aeschines
680 1774 786 1847 apag.
802 1755 909 1844 3681.
927 1772 974 1837 ις.
994 1786 1043 1802 -
1060 1746 1101 1818 ad
1116 1771 1199 1844 377.

176 1858 227 1923 16.
253 1850 419 1947 Sequitur
441 1850 516 1940 [2]
540 1834 675 1934 Causas
687 1850 781 1947 quod
802 1846 1015 1951 παράνὸμως
1039 1853 1140 1921 etiam
1160 1850 1198 1919 in

174 1956 325 2021 Decreto
342 1944 488 2042 rogasset
506 1947 624 2021 donari
635 1949 903 2023 Demosthenem
916 1955 1050 2023 »virtutis
1068 1974 1151 2043 ergo
1165 1956 1199 2019 ln
1303 1984 1309 2012 ·.
1394 2031 1397 2041 Ι

178 2055 342 2145 lucano,
377 2048 545 2146 Dionysia
567 2055 724 2145 magnis,
759 2069 834 2125 tota
854 2056 995 2127 Graecia
1017 2046 1199 2151 speslante,

175 2178 253 2225 cum
277 2152 411 2247 legibus
436 2168 578 2223 cautum
597 2152 653 2239 srt,
686 2160 837 2227 Coronas
861 2182 881 2226 a
900 2158 1026 2226 Senatu
1046 2154 1199 2225 decretas

175 2282 245 2327 non
271 2271 368 2327 extra
389 2256 669 2340 locumSenatus
692 2255 855 2341 habendi3
885 2284 906 2327 a
925 2258 1075 2354 Populo,
1105 2270 1203 2326 extra·

174 2361 412 2444 Concionem‚
450 2359 583 2428 recitari
602 2358 740 2456 publice
764 2358 1003 2458 celebrarique.
1054 2356 1090 2429 ld
1113 2353 1199 2427 exs-

172 2465 291 2560 quitur
313 2484 428 2556 apag.
450 2465 597 2553 377.16.
623 2499 672 2514 -
694 2459 734 2558 ad
749 2475 891 2554 38343.
941 2467 1036 2532 Tota
1051 2485 1138 2557 quae
1152 2457 1215 2529 se«

120 2583 121 2620 1
174 2567 309 2662 quitur,
334 2579 370 2632 et
393 2575 466 2632 erat
489 2563 558 2652 [3.]
581 2575 617 2632 et
640 2559 827 2654 grauissima
849 2567 927 2633 Pars
953 2564 1140 2647 Orationis,
1160 2562 1197 2630 in

120 2671 121 2682 ’
171 2661 413 2736 Demosthenis
438 2663 507 2732 vita
526 2657 731 2751 infestando,
755 2667 791 2734 in
813 2668 941 2738 meritis
963 2662 1148 2760 studiisque
1161 2664 1199 2732 in
1309 2661 1313 2670 ’

173 2773 293 2865 Remp.
316 2761 562 2880 expendendis,
593 2760 799 2863 occupatur,
833 2764 874 2846 sc.
899 2757 952 2844 ira
982 2757 1196 2844 eisterensi

172 2873 284 2964 λέγων
305 2897 363 2962 amq
386 2859 556 2966 erederet
579 2859 630 2942 rol
653 2861 759 2969 ἅςιςω
783 2868 835 2970 τῷ
848 2859 953 2975 stippa.
1001 2871 1094 2936 Nam
1110 2881 1146 2936 et
1161 2862 1210 2934 id.

120 2977 124 2986 '
171 2995 331 3070 quoque,
358 2982 396 3037 vt
418 2967 599 3037 contendit
613 2969 688 3055 ille,
713 2977 750 3047 ἐκ
772 2971 838 3045 τῶν
855 2963 1080 3069 nequisquam
1102 2965 1195 3036 etde
1266 2972 1277 2980 ”

170 3101 240 3172 quo
263 3073 341 3166 lege
363 3093 462 3164 agere
473 3067 610 3158 liceret,
634 3067 734 3170 fiqui
748 3069 841 3142 salsas
853 3075 1002 3143 rationes
1017 3065 1196 3163 assignaue-
1352 3063 1360 3071 ’
1420 3061 1427 3071 ’

167 3193 254 3264 not,

317 3281 455 3372 Cupiunt
469 3295 502 3349 et
516 3284 548 3347 in
562 3271 634 3346 assa
649 3275 767 3373 referri.
932 3371 936 3385 Ι

214 3417 315 3484 Haec
332 3415 439 3484 totius
454 3410 574 3482 Causae
590 3408 721 3480 summa
733 3407 788 3479 est.
836 3413 879 3480 Et
891 3407 980 3482 illius
996 3406 1197 3482 distributio·
1236 3421 1239 3427 '

120 3513 121 3516 '
170 3517 220 3586 nis
237 3517 454 3586 memoriam
469 3509 575 3584 leslor
589 3533 686 3582 meus
705 3509 747 3581 ad
762 3515 962 3584 Orationem
977 3516 1127 3610 priorem
1142 3537 1195 3583 ac-

120 3655 121 3658 ¹
170 3616 278 3687 cedet.
327 3617 463 3686 Scilicet
482 3618 518 3686 in
539 3615 652 3712 primo
676 3613 755 3684 loco
777 3614 856 3716 περὶ
878 3615 944 3693 τῶν
966 3614 1127 3700 εὐθυνῶν,
1150 3613 1195 3683 de
1316 3685 1320 3696 ,

168 3715 376 3807 nationibus,
397 3713 593 3788 insecundo
611 3713 769 3815 περὶτῶν
785 3711 1032 3818 κηρυγμάτων,
1055 3715 1195 3786 deloco

169 3823 387 3914 hasteriensis,
411 3816 613 3916 Aeschinem
629 3815 799 3888 dicentem
815 3833 946 3889 attente
962 3834 999 3888 et
1012 3817 1125 3888 sedulo
1139 3827 1195 3885 au'-

168 3922 244 3990 diat.
268 3924 363 3990 Nam
379 3924 426 3990 ita
438 3917 488 3989 illi
501 3917 570 3991 duo
588 3923 673 4012 Loci,
696 3933 734 3988 vt
749 3934 875 3990 vocant
889 3919 1068 4006 Rhetores‚
1086 3920 1194 3989 omni·
1261 3996 1264 4003 ἢ

169 4049 213 4090 no
229 4021 370 4092 describi
387 4040 422 4091 et
439 4019 596 4116 distingui
611 4019 727 4092 solent.
776 4021 850 4092 Vid.
865 4021 1004 4114 Argum.
1029 4027 1116 4092 Orat.
1134 4024 1209 4090 De:

168 4125 270 4218 orosslr.
294 4127 334 4194 de
347 4128 466 4219 soron.
492 4131 576 4220 467.
598 4123 662 4223 vlt.
707 4126 756 4192 Ita
777 4123 880 4221 Aesclr.
895 4132 977 4220 pag.
992 4145 1082 4218 444.
1106 4123 1125 4192 l.
1144 4147 1193 4190 10.
1285 4160 1288 4168 .

356 4294 360 4304 ,
575 4290 576 4299 .
1104 4221 1194 4326 qu'e
1334 4237 1343 4244 “
